ts_ns,buy_id,sell_id,price,qty
1758486822030293280,6,2,127.49,10
1758486822030534524,12,2,127.49,10
1758486822030770757,18,8,127.49,10
1758486822030986199,22,2,127.49,8420
1758486822030991021,22,14,127.49,1510
1758486822031082655,24,8,127.49,10
1758486822031342626,28,14,127.49,9440
1758486822031438793,30,8,127.49,10
1758486822031718734,34,14,127.49,1180
1758486822031723457,34,8,127.49,8680
1758486822031730226,34,20,127.5,4600
1758486822031822409,36,26,127.5,10
1758486822032046404,40,32,127.5,14460
1758486822032051408,40,20,127.5,70
1758486822032139888,42,26,127.5,10
1758486822032295718,45,38,127.5,10
1758486822032377099,46,20,127.5,5260
1758486822032380369,46,26,127.5,9420
1758486822032384718,46,38,127.5,2040
1758486822032479918,48,38,127.5,10
1758486822032730634,52,38,127.5,11590
1758486822033109114,54,50,127.5,10
1758486822033252868,57,38,127.5,10
1758486822033322276,58,50,127.5,7230
1758486822033423594,60,38,127.5,10
1758486822033681625,64,50,127.5,4350
1758486822033684243,64,38,127.5,860
1758486822033689524,64,62,127.5,4560
1758486822033772567,66,62,127.5,10
1758486822034002881,70,62,127.5,5200
1758486822034005437,70,68,127.5,13490
1758486822034087313,72,68,127.5,10
1758486822035098262,76,68,127.5,5190
1758486822035105551,76,74,127.5,8650
1758486822035198265,78,74,127.5,10
1758486822035430826,82,74,127.5,5180
1758486822035435094,82,80,127.5,10090
1758486822035517252,84,80,127.5,10
1758486822035827930,90,86,127.49,10
1758486822036600939,96,86,127.49,10
1758486822037008589,102,92,127.49,10
1758486822037456927,108,86,127.49,10
1758486822037598366,4,110,127.48,8440
1758486822037601900,10,110,127.48,8710
1758486822037606796,16,110,127.48,790
1758486822038282924,21,116,127.48,10
1758486822038287772,27,116,127.48,10
1758486822038292774,33,116,127.48,10
1758486822038297382,39,116,127.48,10
1758486822038302328,43,116,127.48,16720
1758486822038307043,51,116,127.48,10
1758486822038312024,55,116,127.48,1770
1758486822038740074,63,122,127.48,10
1758486822038744202,69,122,127.48,10
1758486822038747062,75,122,127.48,10
1758486822038751134,81,122,127.48,10
1758486822038753948,88,122,127.48,6400
1758486822038758084,94,122,127.48,6700
1758486822039109538,100,128,127.48,6780
1758486822039113364,106,128,127.48,5320
1758486822039895275,16,134,127.48,11340
1758486822039899087,114,134,127.48,10
1758486822039901712,55,134,127.48,5460
1758486822039905287,120,134,127.48,10
1758486822039909329,94,134,127.48,1430
1758486822040251502,126,140,127.48,10
1758486822040254042,106,140,127.48,8180
1758486822040257862,132,140,127.48,10
1758486822040260319,94,140,127.48,4730
1758486822040264266,138,140,127.48,10
1758486822040269268,3,140,127.48,10
1758486822040273530,9,140,127.48,10
1758486822040275903,15,140,127.48,10
1758486822040280074,87,140,127.48,10
1758486822040285472,93,140,127.48,10
1758486822040289303,99,140,127.48,10
1758486822040291592,105,140,127.48,10
1758486822040515683,144,140,127.48,10
1758486822041373282,150,140,127.48,10
1758486822041740151,156,146,127.48,10
1758486822041872382,19,158,127.47,9340
1758486822042128923,162,140,127.48,10
1758486822042854619,25,164,127.47,9440
1758486822042858458,31,164,127.47,2800
1758486822043109947,168,152,127.48,10
1758486822043234253,37,170,127.47,12060
1758486822043517812,174,146,127.48,10
1758486822043655041,49,176,127.47,11590
1758486822043659606,61,176,127.47,2070
1758486822044359125,180,140,127.48,10
1758486822044565974,67,182,127.47,10820
1758486822044850922,186,152,127.48,10
1758486822045277060,192,146,127.48,10
1758486822046364281,198,140,127.48,10
1758486822046533513,73,200,127.47,13840
1758486822046538364,79,200,127.47,2960
1758486822046834340,204,152,127.48,10
1758486822047295719,210,188,127.48,10
1758486822047814068,112,212,127.47,10580
1758486822048075932,216,146,127.48,10
1758486822048216242,118,218,127.47,18130
1758486822048507046,222,194,127.48,10
1758486822048671503,124,224,127.46,13140
1758486822048675983,130,224,127.46,4690
1758486822049405537,136,230,127.46,8950
1758486822049892417,142,236,127.46,6810
1758486822050781248,148,242,127.46,7130
1758486822050784979,154,242,127.46,8540
1758486822051229472,19,248,127.46,590
1758486822051233318,31,248,127.46,11660
1758486822051237653,37,248,127.46,2470
1758486822051240492,61,248,127.46,2040
1758486822052500806,67,254,127.46,7870
1758486822052505541,190,254,127.46,8390
1758486822052509869,196,254,127.46,2270
1758486822053068673,79,260,127.46,12310
1758486822053073758,208,260,127.46,5240
1758486822053616706,112,266,127.46,7360
1758486822053621534,118,266,127.46,410
1758486822053625993,130,266,127.46,6130
1758486822054259523,136,272,127.46,9300
1758486822054263777,142,272,127.46,3710
1758486822054715409,154,278,127.45,3650
1758486822054719465,61,278,127.45,3010
1758486822055303493,196,281,127.47,6660
1758486822055555532,208,284,127.46,9430
1758486822055987514,130,290,127.46,1280
1758486822055991069,142,290,127.46,4300
1758486822055993634,61,290,127.46,2650
1758486822055999805,196,290,127.46,3740
1758486822056003378,208,290,127.46,30
1758486822056007170,1,290,127.46,120
1758486822056838058,7,296,127.45,8710
1758486822056841510,13,296,127.45,5540
1758486822057036037,85,299,127.47,6400
1758486822057039627,91,299,127.47,7850
1758486822057228343,97,302,127.45,6780
1758486822057231807,103,302,127.45,6570
1758486822074270685,111,305,127.47,10
1758486822074276591,117,305,127.47,10
1758486822074279801,123,305,127.47,10
1758486822074284398,129,305,127.47,10
1758486822074287994,135,305,127.47,10
1758486822074292384,141,305,127.47,10
1758486822074295476,147,305,127.47,10
1758486822074298785,153,305,127.47,10
1758486822074303857,160,305,127.47,9340
1758486822074308049,166,305,127.47,3930
1758486822074682945,172,308,127.45,12060
1758486822074687746,178,308,127.45,3630
1758486822074975074,184,311,127.47,10820
1758486822074981365,189,311,127.47,10
1758486822074987208,195,311,127.47,10
1758486822074992153,202,311,127.47,4850
1758486822075270731,207,314,127.45,10
1758486822075276153,214,314,127.45,9830
1758486822075548820,220,317,127.47,9840
1758486822075831752,228,320,127.45,10
1758486822075837389,234,320,127.45,10
1758486822075841859,240,320,127.45,10
1758486822075847120,246,320,127.45,10
1758486822075852009,252,320,127.45,10
1758486822075855637,258,320,127.45,10
1758486822075860705,264,320,127.45,10
1758486822075869338,270,320,127.45,10
1758486822075873784,276,320,127.45,10
1758486822075876846,288,320,127.45,10
1758486822075882265,1,320,127.45,8320
1758486822075887447,294,320,127.45,10
1758486822075894403,13,320,127.45,5020
1758486822076287933,91,323,127.47,5010
1758486822076295434,103,323,127.47,6930
1758486822076300059,166,323,127.47,1510
1758486822076576016,178,326,127.46,7420
1758486822077114097,202,332,127.46,11540
1758486822077966196,214,338,127.46,750
1758486822077971466,220,338,127.46,8290
1758486822077976237,13,338,127.46,1570
1758486822077980816,166,338,127.46,5180
1758486822078533621,178,344,127.46,2610
1758486822078538147,330,344,127.46,10
1758486822078543013,202,344,127.46,410
1758486822078547896,336,344,127.46,10
1758486822078552451,166,344,127.46,1620
1758486822078557105,342,344,127.46,10
1758486822079229641,348,344,127.46,10
1758486822079741142,354,344,127.46,10
1758486822080243686,360,350,127.46,10
1758486822080899127,366,344,127.46,10
1758486822081371599,372,356,127.46,10
1758486822081540919,109,374,127.45,11880
1758486822082280576,115,380,127.45,17130
1758486822082794994,121,386,127.45,13140
1758486822082799059,127,386,127.45,1810
1758486822084108499,396,350,127.46,10
1758486822084903371,402,362,127.46,10
1758486822085443719,408,344,127.46,10
1758486822086370540,414,368,127.46,10
1758486822086867637,420,356,127.46,10
1758486822087698065,426,392,127.46,10
1758486822088067184,430,350,127.46,10280
1758486822088205948,432,398,127.46,10
1758486822088557003,436,362,127.46,12590
1758486822088559630,436,404,127.46,190
1758486822092950122,438,344,127.46,10
1758486822093306083,442,410,127.46,7070
1758486822093309756,442,368,127.46,10460
1758486822093312888,442,416,127.46,660
1758486822093437151,444,356,127.46,10
1758486822094875289,450,422,127.46,10
1758486822095337733,454,392,127.46,10760
1758486822095487045,456,350,127.46,10
1758486822095887516,460,398,127.46,8870
1758486822095909378,460,404,127.46,8260
1758486822096302801,462,344,127.46,10
1758486822096665914,466,416,127.46,11310
1758486822096798674,468,356,127.46,10
1758486822097132762,472,446,127.46,6910
1758486822097136639,472,422,127.46,1920
1758486822097281708,474,392,127.46,10
1758486822097843934,480,350,127.46,10
1758486822098361624,486,404,127.46,10
1758486822099700317,492,344,127.46,10
1758486822100138230,498,416,127.46,10
1758486822101183683,504,356,127.46,10
1758486822101764223,510,422,127.46,10
1758486822102709224,516,392,127.46,10
1758486822103187795,522,476,127.46,10
1758486822138003160,528,350,127.46,10
1758486822139103147,534,482,127.46,10
1758486822140220004,540,404,127.46,10
1758486822141296894,546,488,127.46,10
1758486822142083046,550,344,127.46,10330
1758486822142091946,550,494,127.46,5670
1758486822142382159,552,416,127.46,10
1758486822143293114,558,500,127.46,10
1758486822144229404,564,356,127.46,10
1758486822145138495,570,506,127.46,10
1758486822146072456,576,422,127.46,10
1758486822147027200,582,512,127.46,10
1758486822147989841,588,392,127.46,10
1758486822149085842,594,518,127.46,10
1758486822150101424,600,476,127.46,10
1758486822150442041,133,602,127.45,13290
1758486822151423305,139,608,127.45,7760
1758486822152420426,145,614,127.45,7130
1758486822152424710,151,614,127.45,770
1758486822153042321,159,620,127.45,10
1758486822153046117,165,620,127.45,10
1758486822153050620,171,620,127.45,10
1758486822153055489,177,620,127.45,10
1758486822153059735,183,620,127.45,10
1758486822153062725,187,620,127.45,8390
1758486822153067096,193,620,127.45,4560
1758486822153583723,201,626,127.45,10
1758486822153587751,205,626,127.45,9700
1758486822154052620,213,632,127.45,10
1758486822154062328,219,632,127.45,10
1758486822154065106,226,632,127.45,6560
1758486822155073821,642,524,127.46,10
1758486822155581923,648,350,127.46,10
1758486822156419730,654,530,127.46,10
1758486822156932823,660,482,127.46,10
1758486822157456457,232,662,127.45,8950
1758486822157461875,238,662,127.45,6810
1758486822157465663,244,662,127.45,2790
1758486822157974100,250,668,127.45,12430
1758486822158870738,256,674,127.45,7110
1758486822159812752,684,536,127.46,10
1758486822160473324,690,404,127.46,10
1758486822161056747,696,542,127.46,10
1758486822161758121,702,488,127.46,10
1758486822162241104,708,494,127.46,10
1758486822163163925,714,416,127.46,10
1758486822163640374,720,554,127.46,10
1758486822164840244,726,500,127.46,10
1758486822165729085,732,560,127.46,10
1758486822166309917,736,356,127.46,6830
1758486822166544698,738,566,127.46,10
1758486822195897437,744,506,127.46,10
1758486822196587830,750,572,127.46,10
1758486822197080058,754,422,127.46,8520
1758486822197084947,754,578,127.46,6460
1758486822197267842,756,512,127.46,10
1758486822197746363,760,584,127.46,12820
1758486822197751192,760,392,127.46,5470
1758486822197926952,762,590,127.46,10
1758486822198397685,766,518,127.46,7040
1758486822198401284,766,596,127.46,2660
1758486822198578181,768,476,127.46,10
1758486822199193097,772,638,127.46,15440
1758486822199197898,772,524,127.46,1120
1758486822199372909,774,644,127.46,10
1758486822199821708,778,350,127.46,7010
1758486822199982996,780,650,127.46,10
1758486822200646518,786,530,127.46,10
1758486822201270735,792,656,127.46,10
1758486822202092659,798,482,127.46,10
1758486822202683797,804,680,127.46,10
1758486822202858306,262,806,127.45,14620
1758486822204064512,816,536,127.46,10
1758486822205010622,822,686,127.46,10
1758486822205625472,828,404,127.46,10
1758486822206206713,834,692,127.46,10
1758486822210045514,840,542,127.46,10
1758486822210947182,846,698,127.46,10
1758486822211713688,852,488,127.46,10
1758486822211972171,268,854,127.45,12980
1758486822212993103,864,704,127.46,10
1758486822213612992,870,494,127.46,10
1758486822214179587,876,710,127.46,10
1758486822214733388,882,416,127.46,10
1758486822214943003,274,884,127.45,6440
1758486822215494745,282,890,127.45,10
1758486822215498448,286,890,127.45,8760
1758486822216027600,292,896,127.45,12120
1758486822216031266,300,896,127.45,10
1758486822216034713,306,896,127.45,10
1758486822216038127,312,896,127.45,10
1758486822216041622,318,896,127.45,10
1758486822216045203,324,896,127.45,10
1758486822216048759,328,896,127.45,350
1758486822216596950,334,902,127.45,11540
1758486822216601128,340,902,127.45,6780
1758486822217513836,912,716,127.46,10
1758486822217708960,346,914,127.45,11670
1758486822218255097,352,920,127.45,15340
1758486822219166924,930,554,127.46,10
1758486822219357151,358,932,127.45,9820
1758486822219360837,364,932,127.45,270
1758486822223691843,942,722,127.46,10
1758486822224873998,948,500,127.46,10
1758486822225421198,954,728,127.46,10
1758486822254017205,960,560,127.46,10
1758486822255382758,966,356,127.46,10
1758486822256734467,972,566,127.46,10
1758486822258129863,978,740,127.46,10
1758486822260109756,984,506,127.46,10
1758486822261451579,990,746,127.46,10
1758486822262369039,994,572,127.46,7320
1758486822262747342,996,578,127.46,10
1758486822263386021,1000,512,127.46,12170
1758486822263394633,1000,392,127.46,130
1758486822263568679,1002,590,127.46,10
1758486822264087268,1006,596,127.46,6440
1758486822266195607,1008,476,127.46,10
1758486822266723772,1012,524,127.46,7380
1758486822266906369,1014,644,127.46,10
1758486822267436365,1018,350,127.46,1470
1758486822267441543,1018,650,127.46,13820
1758486822267446253,1018,782,127.46,1220
1758486822268598467,1020,530,127.46,10
1758486822269119022,1024,788,127.46,7200
1758486822269123668,1024,656,127.46,8850
1758486822269311028,1026,794,127.46,10
1758486822269799443,1030,482,127.46,11150
1758486822269804311,1030,800,127.46,6720
1758486822270831864,1032,680,127.46,10
1758486822271396387,1036,812,127.46,16720
1758486822271401748,1036,536,127.46,380
1758486822271600172,1038,818,127.46,10
1758486822272119325,1042,686,127.46,14940
1758486822272964271,1044,824,127.46,10
1758486822273497755,1048,404,127.46,6970
1758486822273683685,1050,830,127.46,10
1758486822274202561,1054,692,127.46,16200
1758486822274384702,1056,836,127.46,10
1758486822274879976,1060,542,127.46,16990
1758486822275042850,1062,842,127.46,10
1758486822275362503,1065,698,127.46,10
1758486822275528176,1066,848,127.46,7790
1758486822275531585,1066,488,127.46,8610
1758486822275708553,1068,860,127.46,10
1758486822276202814,1072,704,127.46,10350
1758486822276206166,1072,866,127.46,2380
1758486822276393257,1074,494,127.46,10
1758486822276748010,1077,872,127.46,10
1758486822276924966,1078,710,127.46,9250
1758486822277110028,1080,878,127.46,10
1758486822279254186,1081,416,127.46,5520
1758486822279257295,1081,908,127.46,11160
1758486822279262008,1081,716,127.46,310
1758486822279453840,1083,926,127.46,10
1758486822279626542,1084,554,127.46,9680
1758486822279631017,1084,938,127.46,7310
1758486822279815506,1086,722,127.46,10
1758486822280150877,1089,944,127.46,10
1758486822280324303,1090,500,127.46,12660
1758486822280329216,1090,950,127.46,2830
1758486822280528329,1092,728,127.46,10
1758486822281049861,1095,956,127.46,10
1758486822281224977,1096,560,127.46,13750
1758486822281229884,1096,962,127.46,4950
1758486822281428334,1098,356,127.46,10
1758486822281803211,1101,968,127.46,10
1758486822281977371,1102,566,127.46,8280
1758486822282169070,1104,974,127.46,10
1758486822282748042,1107,740,127.46,10
1758486822282925650,1108,980,127.46,9160
1758486822283117303,1110,506,127.46,10
1758486822283447844,1113,986,127.46,10
1758486822283617180,1114,746,127.46,8990
1758486822283787058,1116,572,127.46,10
1758486822283940987,1117,578,127.46,10980
1758486822283944412,1117,392,127.46,1060
1758486822283948750,1117,590,127.46,4280
1758486822284416960,1119,596,127.46,10
1758486822284563315,1120,476,127.46,11640
1758486822284566362,1120,524,127.46,1110
1758486822284570658,1120,644,127.46,3570
1758486822284739236,1122,782,127.46,10
1758486822284917619,1123,530,127.46,8670
1758486822285107904,1125,656,127.46,10
1758486822285269256,1126,794,127.46,8670
1758486822285446941,1128,800,127.46,10
1758486822285995564,1131,680,127.46,10
1758486822286152590,1132,536,127.46,7150
1758486822286327747,1134,818,127.46,10
1758486822286657361,1137,686,127.46,10
1758486822286795584,1138,824,127.46,18540
1758486822286799854,1138,404,127.46,380
1758486822286950176,1140,830,127.46,10
1758486822287630625,1143,692,127.46,10
1758486822287755939,1144,836,127.46,6620
1758486822287887206,1146,542,127.46,10
1758486822288190254,1149,842,127.46,10
1758486822288329384,1150,698,127.46,11730
1758486822288333324,1150,488,127.46,5130
1758486822288495544,1152,860,127.46,10
1758486822288802488,1155,866,127.46,10
1758486822288941021,1156,494,127.46,10230
1758486822288944985,1156,872,127.46,690
1758486822289100330,1158,710,127.46,10
1758486822289531741,1162,878,127.46,14160
1758486822289537623,1162,716,127.46,2780
1758486822289690833,1164,926,127.46,10
1758486822312597235,1167,938,127.46,10
1758486822312938226,1168,722,127.46,13320
1758486822313286756,1170,944,127.46,10
1758486822313950820,1173,950,127.46,10
1758486822314303041,1174,728,127.46,11410
1758486822314314602,1174,956,127.46,6290
1758486822314798533,1176,962,127.46,10
1758486822316153164,1180,356,127.46,2910
1758486822316164741,1180,968,127.46,6630
1758486822316175674,1180,566,127.46,7120
1758486822316187082,1180,974,127.46,1350
1758486822316671513,1182,740,127.46,10
1758486822317935516,1186,980,127.46,6430
1758486822318403428,1188,506,127.46,10
1758486822319681260,1192,986,127.46,7260
1758486822320159240,1194,746,127.46,10
1758486822321464009,1198,572,127.46,9470
1758486822321933882,1200,590,127.46,10
1758486822323263964,1204,596,127.46,4300
1758486822323276280,1204,644,127.46,3130
1758486822323287094,1204,782,127.46,7330
1758486822323779932,1206,530,127.46,10
1758486822324601109,1210,656,127.46,4250
1758486822324606972,1210,794,127.46,9430
1758486822324612331,1210,800,127.46,3850
1758486822324869341,1212,680,127.46,10
1758486822325398946,1215,536,127.46,10
1758486822325626128,1216,818,127.46,12120
1758486822325852012,1218,686,127.46,10
1758486822326289304,1221,404,127.46,10
1758486822326507007,1222,830,127.46,13980
1758486822326739361,1224,692,127.46,10
1758486822327185286,1227,836,127.46,10
1758486822327409997,1228,542,127.46,1260
1758486822327416373,1228,842,127.46,7430
1758486822327633881,1230,488,127.46,10
1758486822328260829,1234,860,127.46,7890
1758486822328267222,1234,866,127.46,8590
1758486822328510480,1236,872,127.46,10
1758486822328967633,1239,710,127.46,10
1758486822329181286,1240,716,127.46,5630
1758486822329186999,1240,926,127.46,12900
1758486822329440291,1242,938,127.46,10
1758486822329877344,1245,722,127.46,10
1758486822330091257,1246,944,127.46,9040
1758486822330097151,1246,950,127.46,660
1758486822330323872,1248,956,127.46,10
1758486822330762186,1251,962,127.46,10
1758486822330980382,1252,974,127.46,7750
1758486822330985763,1252,740,127.46,4810
1758486822333790382,1254,980,127.46,10
1758486822334000812,1255,506,127.46,7400
1758486822334211258,1257,986,127.46,10
1758486822334412629,1258,746,127.46,650
1758486822334417131,1258,572,127.46,1390
1758486822334421414,1258,590,127.46,5360
1758486822334616285,1260,782,127.46,10
1758486822334792310,1261,530,127.46,3110
1758486822334796970,1261,800,127.46,5410
1758486822334801540,1261,680,127.46,4850
1758486822334996990,1263,536,127.46,10
1758486822335176477,1264,818,127.46,2350
1758486822335180152,1264,686,127.46,1960
1758486822335184399,1264,404,127.46,1490
1758486822335189135,1264,830,127.46,1330
1758486822335194134,1264,692,127.46,2670
1758486822335198952,1264,836,127.46,3570
1758486822335409812,1266,842,127.46,10
1758486822335572601,1267,488,127.46,4090
1758486822335577608,1267,866,127.46,2810
1758486822335582687,1267,872,127.46,5760
1758486822335761528,1269,710,127.46,10
1758486822335925469,1270,926,127.46,1020
1758486822335931218,1270,938,127.46,4170
1758486822335937236,1270,722,127.46,730
1758486822335942034,1270,950,127.46,6740
1758486822336119909,1272,956,127.46,10
1758486822336311343,1273,962,127.46,6040
1758486822336314612,1273,740,127.46,2090
1758486822336494086,1275,980,127.46,10
1758486822336657845,1276,506,127.46,8130
1758486822336873626,1278,986,127.46,10
1758486822337036072,1279,590,127.46,6420
1758486822337040086,1279,782,127.46,4540
1758486822337044460,1279,680,127.46,930
1758486822337222839,1281,536,127.46,10
1758486822337381695,1282,836,127.46,7780
1758486822337384200,1282,842,127.46,4110
1758486822337539752,1284,872,127.46,10
1758486822337695893,1285,710,127.46,8470
1758486822337698391,1285,950,127.46,2060
1758486822337855823,1287,956,127.46,10
1758486822338002861,1288,740,127.46,3770
1758486822338007514,1288,980,127.46,560
1758486822338011490,1288,506,127.46,3210
1758486822338014074,1288,986,127.46,1560
1758486822338018242,1288,680,127.46,1430
1758486822338187727,1290,536,127.46,10
1758486822338336796,1291,842,127.46,1270
1758486822338340829,1291,872,127.46,5920
1758486822338344865,1291,950,127.46,5710
1758486822338504662,1293,956,127.46,10
1758486822338642800,1294,680,127.46,6030
1758486822338647324,1294,536,127.46,700
1758486822338651424,1294,950,127.46,500
1758486822338653848,1294,956,127.46,1620
1758486822338658835,1294,377,127.47,4050
1758486822338807377,1296,383,127.47,10
1758486822338941243,1297,389,127.47,13710
1758486822339094377,1299,428,127.47,10
1758486822339226769,1300,434,127.47,12780
1758486822339230694,1300,440,127.47,930
1758486822339380089,1302,452,127.47,10
1758486822340673924,1303,458,127.47,6420
1758486822340809299,1305,464,127.47,10
1758486822340964399,1306,470,127.47,6420
1758486822341128676,1308,548,127.47,10
1758486822341281828,1309,605,127.47,13290
1758486822341286197,1309,611,127.47,2630
1758486822341457207,1311,617,127.47,10
1758486822341625930,1312,623,127.47,13000
1758486822341630923,1312,629,127.47,2920
1758486822341856051,1314,635,127.47,10
1758486822342072824,1315,665,127.47,15320
1758486822342339157,1317,671,127.47,10
1758486822342537024,1318,677,127.47,7110
1758486822342542472,1318,734,127.47,6830
1758486822342547870,1318,752,127.47,1380
1758486822342747923,1320,758,127.47,10
1758486822342941809,1321,764,127.47,9700
1758486822342947574,1321,770,127.47,1240
1758486822343149520,1323,776,127.47,10
1758486822343333795,1324,809,127.47,10940
1758486822343541193,1326,857,127.47,10
1758486822343702847,1327,887,127.47,6440
1758486822343707622,1327,893,127.47,540
1758486822343879538,1329,899,127.47,10
1758486822351019952,1330,905,127.47,6980
1758486822351171422,1332,917,127.47,10
1758486822351301771,1333,923,127.47,15340
1758486822351305789,1333,935,127.47,510
1758486822351456242,1335,992,127.47,10
1758486822351577847,1336,998,127.47,12300
1758486822351581586,1336,1004,127.47,3550
1758486822351713059,1338,1010,127.47,10
1758486822351835252,1339,1016,127.47,16510
1758486822351838990,1339,1022,127.47,1860
1758486822351965731,1341,1028,127.47,10
1758486822352083978,1342,1034,127.47,17100
1758486822352087669,1342,1040,127.47,1270
1758486822352936031,1344,1046,127.47,10
1758486822353059743,1345,1052,127.47,9340
1758486822353183065,1347,1058,127.47,10
1758486822353299599,1348,1070,127.47,9340
1758486822353429541,1350,1160,127.47,10
1758486822353548651,1351,1178,127.47,10400
1758486822353676461,1353,1184,127.47,10
1758486822353792179,1354,1190,127.47,7260
1758486822353795650,1354,1196,127.47,3140
1758486822353927122,1356,1202,127.47,10
1758486822355091718,1357,1208,127.47,8630
1758486822355265474,1359,1232,127.47,10
1758486822355438902,1360,377,127.47,7830
1758486822355443652,1360,383,127.47,800
1758486822355616963,1362,389,127.47,10
1758486822355775138,1363,428,127.47,10270
1758486822355779798,1363,440,127.47,3330
1758486822355955385,1365,452,127.47,10
1758486822356112264,1366,458,127.47,10710
1758486822356116984,1366,464,127.47,2890
1758486822356289960,1368,470,127.47,10
1758486822356452674,1369,548,127.47,8270
1758486822356912001,1371,611,127.47,10
1758486822370163759,1372,617,127.47,7890
1758486822370171241,1372,629,127.47,380
1758486822370512737,1374,635,127.47,10
1758486822370756634,1375,665,127.47,3230
1758486822370763977,1375,671,127.47,7580
1758486822371027014,1377,752,127.47,10
1758486822371254964,1378,758,127.47,10810
1758486822371515226,1380,770,127.47,10
1758486822371735000,1381,776,127.47,7000
1758486822371741514,1381,809,127.47,3680
1758486822371747949,1381,857,127.47,4430
1758486822372019295,1383,893,127.47,10
1758486822372239865,1384,899,127.47,12510
1758486822372247151,1384,905,127.47,2600
1758486822372505405,1386,917,127.47,10
1758486822372729675,1387,935,127.47,9580
1758486822372750943,1387,992,127.47,3800
1758486822373005392,1389,1004,127.47,10
1758486822373239983,1390,1010,127.47,7370
1758486822373246701,1390,1022,127.47,6010
1758486822373506998,1392,1028,127.47,10
1758486822373732543,1393,1040,127.47,11190
1758486822373985879,1395,1046,127.47,10
1758486822374274537,1396,1052,127.47,6860
1758486822374281001,1396,1058,127.47,4330
1758486822374581179,1398,1070,127.47,10
1758486822374802778,1399,1160,127.47,11620
1758486822375040480,1401,1178,127.47,10
1758486822375270817,1402,1184,127.47,6420
1758486822375277400,1402,1196,127.47,5200
1758486822375528119,1404,1202,127.47,10
1758486822375749102,1405,1208,127.47,8900
1758486822375755329,1405,1232,127.47,4510
1758486822375984819,1407,383,127.47,10
1758486822376196356,1408,389,127.47,1230
1758486822376202473,1408,440,127.47,12180
1758486822376871395,1410,452,127.47,10
1758486822377081388,1411,464,127.47,6380
1758486822377303774,1413,470,127.47,10
1758486822377516094,1414,548,127.47,6380
1758486822377741362,1416,611,127.47,10
1758486822377949691,1417,629,127.47,6410
1758486822377955786,1417,635,127.47,890
1758486822378198629,1419,671,127.47,10
1758486822378428461,1420,752,127.47,7300
1758486822378674613,1422,758,127.47,10
1758486822378908222,1423,770,127.47,15310
1758486822378915516,1423,857,127.47,2130
1758486822379153665,1425,893,127.47,10
1758486822379367626,1426,905,127.47,8740
1758486822379373516,1426,917,127.47,8700
1758486822379629669,1428,992,127.47,10
1758486822379841829,1429,1004,127.47,2880
1758486822379848725,1429,1022,127.47,4410
1758486822380073904,1431,1028,127.47,10
1758486822380289902,1432,1040,127.47,2480
1758486822380296823,1432,1046,127.47,4810
1758486822380537408,1434,1058,127.47,10
1758486822380747802,1435,1070,127.47,3380
1758486822380753921,1435,1160,127.47,5310
1758486822380759854,1435,1178,127.47,6550
1758486822382333323,1437,1196,127.47,10
1758486822382571255,1438,1202,127.47,14740
1758486822382579028,1438,1232,127.47,500
1758486822382842411,1440,383,127.47,10
1758486822383061305,1441,440,127.47,1750
1758486822383067890,1441,452,127.47,10730
1758486822383074055,1441,464,127.47,2030
1758486822383080342,1441,470,127.47,2390
1758486822383087170,1441,548,127.47,1030
1758486822383329382,1443,611,127.47,10
1758486822383559575,1444,635,127.47,5670
1758486822383566032,1444,671,127.47,4830
1758486822383571808,1444,752,127.47,6290
1758486822383578330,1444,758,127.47,1140
1758486822383827073,1446,857,127.47,10
1758486822384053000,1447,893,127.47,8210
1758486822384061533,1447,917,127.47,1520
1758486822384316685,1449,992,127.47,10
1758486822384567220,1450,1022,127.47,3770
1758486822384574022,1450,1028,127.47,5960
1758486822384815694,1452,1046,127.47,10
1758486822385041201,1453,1058,127.47,10990
1758486822385288532,1455,1178,127.47,10
1758486822385506592,1456,1196,127.47,1120
1758486822385513211,1456,1232,127.47,9870
1758486822385715527,1458,383,127.47,10
1758486822385879730,1459,548,127.47,310
1758486822385884672,1459,611,127.47,5100
1758486822385889538,1459,758,127.47,6320
1758486822385894178,1459,857,127.47,1770
1758486822386087829,1461,917,127.47,10
1758486822386252007,1462,992,127.47,3490
1758486822386257176,1462,1028,127.47,10010
1758486822386464629,1464,1046,127.47,10
1758486822386647484,1465,1058,127.47,1650
1758486822386652249,1465,1178,127.47,1040
1758486822386657828,1465,1232,127.47,1590
1758486822386662433,1465,383,127.47,13170
1758486822386829052,1467,857,127.47,10
1758486822386982392,1468,917,127.47,1420
1758486822386987241,1468,1028,127.47,1870
1758486822386990506,1468,1046,127.47,2120
1758486822386995099,1468,383,127.47,3120
1758486822386999849,1468,857,127.47,4620
1758486822387005306,1468,140,127.48,1760
1758486822387009677,1468,152,127.48,2540
1758486822387212309,1470,206,127.48,10
1758486822387534326,1473,188,127.48,10
1758486822387682323,1474,146,127.48,7090
1758486822387685356,1474,194,127.48,11120
1758486822387848994,1476,227,127.48,10
1758486822393111537,1479,233,127.48,10
1758486822393309595,1480,239,127.48,6810
1758486822393314010,1480,245,127.48,8840
1758486822393513280,1482,251,127.48,10
1758486822393859425,1485,257,127.48,10
1758486822394020745,1486,263,127.48,7400
1758486822394204202,1488,269,127.48,10
1758486822394553234,1491,275,127.48,10
1758486822394719196,1492,287,127.48,9430
1758486822394723515,1492,293,127.48,5330
1758486822394906461,1494,329,127.48,10
1758486822395243397,1497,335,127.48,10
1758486822395407146,1498,341,127.48,11490
1758486822395590987,1500,347,127.48,10
1758486822395937443,1503,353,127.48,10
1758486822396113837,1504,359,127.48,9820
1758486822396119039,1504,365,127.48,2440
1758486822396303803,1506,371,127.48,10
1758486822396643899,1509,395,127.48,10
1758486822396810449,1510,401,127.48,6930
1758486822396991223,1512,407,127.48,10
1758486822397175974,1513,413,127.48,7070
1758486822397180747,1513,419,127.48,1650
1758486822399280849,1515,425,127.48,10
1758486822399449400,1516,449,127.48,6910
1758486822399454994,1516,479,127.48,1810
1758486822399649390,1518,485,127.48,10
1758486822399803507,1519,491,127.48,16290
1758486822399964593,1521,497,127.48,10
1758486822400114583,1522,503,127.48,12690
1758486822400117189,1522,509,127.48,3600
1758486822400309666,1524,515,127.48,10
1758486822400814486,1527,521,127.48,10
1758486822400985185,1528,527,127.48,9620
1758486822400990389,1528,533,127.48,2420
1758486822401178935,1530,539,127.48,10
1758486822401531876,1533,545,127.48,10
1758486822401694083,1534,557,127.48,9700
1758486822401699379,1534,563,127.48,420
1758486822401882301,1536,569,127.48,10
1758486822402055675,1537,575,127.48,11160
1758486822402513341,1539,581,127.48,10
1758486822402669288,1540,587,127.48,11160
1758486822402814099,1542,593,127.48,10
1758486822402948527,1543,599,127.48,13410
1758486822402951328,1543,641,127.48,3690
1758486822403099842,1545,647,127.48,10
1758486822403239795,1546,653,127.48,13830
1758486822403242348,1546,659,127.48,3270
1758486822403388902,1548,683,127.48,10
1758486822403532145,1549,689,127.48,15770
1758486822403671884,1551,695,127.48,10
1758486822404264628,1552,701,127.48,11750
1758486822404267152,1552,707,127.48,4020
1758486822404415951,1554,713,127.48,10
1758486822404548346,1555,719,127.48,8730
1758486822404551581,1555,725,127.48,1020
1758486822404681726,1557,731,127.48,10
1758486822404831567,1558,743,127.48,9750
1758486822404978509,1560,749,127.48,10
1758486822405113942,1561,785,127.48,7790
1758486822405261085,1563,791,127.48,10
1758486822406030618,1564,797,127.48,7790
1758486822406164152,1566,803,127.48,10
1758486822406306734,1567,815,127.48,9490
1758486822406464677,1569,821,127.48,10
1758486822406608289,1570,827,127.48,9490
1758486822406759947,1572,833,127.48,10
1758486822407040764,1575,839,127.48,10
1758486822407596905,1576,845,127.48,12840
1758486822407599927,1576,851,127.48,5100
1758486822425657590,1578,863,127.48,10
1758486822426115504,1581,869,127.48,10
1758486822426325931,1582,875,127.48,12400
1758486822426333456,1582,881,127.48,1260
1758486822426573613,1584,911,127.48,10
1758486822427023349,1587,929,127.48,10
1758486822427329907,1588,941,127.48,11500
1758486822427336881,1588,947,127.48,1550
1758486822427656396,1590,953,127.48,10
1758486822428215292,1593,959,127.48,10
1758486822428495669,1594,965,127.48,11010
1758486822428502551,1594,971,127.48,2830
1758486822428810060,1596,977,127.48,10
1758486822429378581,1599,983,127.48,10
1758486822429660493,1600,989,127.48,8850
1758486822429669255,1600,1064,127.48,2080
1758486822434733103,1602,1076,127.48,10
1758486822435302983,1605,1088,127.48,10
1758486822435581510,1606,1094,127.48,16500
1758486822435887712,1608,1100,127.48,10
1758486822436419129,1611,1106,127.48,10
1758486822436660650,1612,1112,127.48,8990
1758486822436667511,1612,1130,127.48,3930
1758486822440468477,1614,1136,127.48,10
1758486822440969905,1617,1142,127.48,10
1758486822441219893,1618,1148,127.48,7780
1758486822441498502,1620,1154,127.48,10
1758486822442024977,1623,1166,127.48,10
1758486822442268757,1624,1172,127.48,7940
1758486822448955602,1626,1214,127.48,10
1758486822449526274,1629,1220,127.48,10
1758486822449796292,1630,1226,127.48,8690
1758486822449803682,1630,1238,127.48,4400
1758486822450094264,1632,1244,127.48,10
1758486822450648690,1635,1250,127.48,10
1758486822450929163,1636,152,127.48,9620
1758486822450935985,1636,206,127.48,8520
1758486822454053366,1638,188,127.48,10
1758486822454593485,1641,194,127.48,10
1758486822454840300,1642,227,127.48,10200
1758486822455126737,1644,233,127.48,10
1758486822455674186,1647,245,127.48,10
1758486822455947264,1648,251,127.48,16750
1758486822455953692,1648,257,127.48,540
1758486822456235759,1650,263,127.48,10
1758486822456751004,1653,269,127.48,10
1758486822457003510,1654,275,127.48,13000
1758486822457010088,1654,293,127.48,2960
1758486822457288035,1656,329,127.48,10
1758486822457820516,1659,335,127.48,10
1758486822458074688,1660,341,127.48,4300
1758486822458080849,1660,347,127.48,5140
1758486822458361094,1662,353,127.48,10
1758486822458880130,1665,365,127.48,10
1758486822459134064,1666,371,127.48,6770
1758486822459421362,1668,395,127.48,10
1758486822459914863,1671,401,127.48,10
1758486822460163946,1672,407,127.48,7600
1758486822460445442,1674,419,127.48,10
1758486822462236012,1677,425,127.48,10
1758486822462512247,1678,479,127.48,9870
1758486822462519158,1678,485,127.48,5640
1758486822462805734,1680,491,127.48,10
1758486822463331859,1683,497,127.48,10
1758486822463629852,1684,509,127.48,8830
1758486822463965734,1686,515,127.48,10
1758486822464517275,1689,521,127.48,10
1758486822464749995,1690,533,127.48,9400
1758486822464756008,1690,539,127.48,1600
1758486822465020118,1692,545,127.48,10
1758486822465536671,1695,563,127.48,10
1758486822465787892,1696,569,127.48,12650
1758486822466030701,1698,575,127.48,10
1758486822466424867,1701,581,127.48,10
1758486822466606591,1702,587,127.48,1660
1758486822466611155,1702,593,127.48,13810
1758486822466784577,1704,641,127.48,10
1758486822467129445,1707,647,127.48,10
1758486822467293372,1708,659,127.48,7740
1758486822467476958,1710,683,127.48,10
1758486822467817155,1713,689,127.48,10
1758486822467977617,1714,695,127.48,11440
1758486822468155865,1716,707,127.48,10
1758486822468522804,1719,713,127.48,10
1758486822468681431,1720,725,127.48,12440
1758486822468856838,1722,731,127.48,10
1758486822469640074,1725,743,127.48,10
1758486822469816106,1726,749,127.48,9650
1758486822469821034,1726,785,127.48,3490
1758486822469999605,1728,791,127.48,10
1758486822470348055,1731,797,127.48,10
1758486822470531105,1732,803,127.48,15980
1758486822470535466,1732,815,127.48,670
1758486822470740588,1734,821,127.48,10
1758486822471183549,1737,827,127.48,10
1758486822471353252,1738,833,127.48,8480
1758486822471535131,1740,839,127.48,10
1758486822471867955,1743,851,127.48,10
1758486822472037487,1744,863,127.48,7900
1758486822472041801,1744,869,127.48,8610
1758486822472206057,1746,881,127.48,10
1758486822472700871,1749,911,127.48,10
1758486822472854971,1750,929,127.48,13930
1758486822472857977,1750,947,127.48,1130
1758486822473025497,1752,953,127.48,10
1758486822473339643,1755,959,127.48,10
1758486822473495884,1756,971,127.48,3810
1758486822473499650,1756,977,127.48,9100
1758486822473503389,1756,983,127.48,420
1758486822473661951,1758,1064,127.48,10
1758486822473963962,1761,1076,127.48,10
1758486822474198366,1762,1088,127.48,15150
1758486822474356140,1764,1094,127.48,10
1758486822474663570,1767,1100,127.48,10
1758486822474808277,1768,1106,127.48,9150
1758486822474812128,1768,1130,127.48,2360
1758486822474974437,1770,1136,127.48,10
1758486822475287397,1773,1142,127.48,10
1758486822476029119,1774,1148,127.48,8060
1758486822476183160,1776,1154,127.48,10
1758486822476527489,1779,1166,127.48,10
1758486822476694551,1780,1172,127.48,9760
1758486822476698772,1780,1214,127.48,4960
1758486822476888330,1782,1220,127.48,10
1758486822477229233,1785,1238,127.48,10
1758486822477527902,1786,1244,127.48,9690
1758486822477532366,1786,1250,127.48,3250
1758486822483911719,1788,206,127.48,10
1758486822484264105,1791,188,127.48,10
1758486822484445912,1792,194,127.48,1530
1758486822484450144,1792,227,127.48,7620
1758486822484455361,1792,233,127.48,5240
1758486822484640326,1794,245,127.48,10
1758486822484986126,1797,257,127.48,10
1758486822485177933,1798,263,127.48,10140
1758486822485182373,1798,269,127.48,440
1758486822485367498,1800,293,127.48,10
1758486822485715120,1803,329,127.48,10
1758486822485909410,1804,335,127.48,11520
1758486822485914269,1804,347,127.48,6240
1758486822486122129,1806,353,127.48,10
1758486822486513543,1809,365,127.48,10
1758486822486681310,1810,371,127.48,3690
1758486822486687334,1810,395,127.48,10040
1758486822486893400,1812,401,127.48,10
1758486822487257530,1815,407,127.48,10
1758486822487438967,1816,419,127.48,7390
1758486822487627695,1818,425,127.48,10
1758486822487990387,1821,485,127.48,10
1758486822488172779,1822,491,127.48,1570
1758486822488177383,1822,497,127.48,10420
1758486822491554551,1824,509,127.48,10
1758486822491935591,1827,515,127.48,10
1758486822492110200,1828,521,127.48,7030
1758486822492114941,1828,539,127.48,6680
1758486822492119563,1828,545,127.48,2150
1758486822492317473,1830,563,127.48,10
1758486822492681759,1833,569,127.48,10
1758486822492853811,1834,575,127.48,7030
1758486822492858841,1834,581,127.48,9310
1758486822493066520,1836,593,127.48,10
1758486822493439308,1839,641,127.48,10
1758486822493625793,1840,647,127.48,6700
1758486822493630704,1840,659,127.48,2110
1758486822493634278,1840,683,127.48,3750
1758486822493833395,1842,689,127.48,10
1758486822494235312,1845,695,127.48,10
1758486822494412897,1846,707,127.48,6330
1758486822494417625,1846,713,127.48,11280
1758486822494614969,1848,725,127.48,10
1758486822494981746,1851,731,127.48,10
1758486822495170560,1852,743,127.48,940
1758486822495174937,1852,785,127.48,1830
1758486822495179439,1852,791,127.48,6920
1758486822495494199,1854,797,127.48,10
1758486822495947688,1857,815,127.48,10
1758486822496148295,1858,821,127.48,11500
1758486822502947156,1860,827,127.48,10
1758486822503324977,1863,833,127.48,10
1758486822503533862,1864,839,127.48,17660
1758486822503728199,1866,851,127.48,10
1758486822503909154,1867,869,127.48,5170
1758486822503916531,1867,881,127.48,12460
1758486822504109720,1869,911,127.48,10
1758486822504284386,1870,947,127.48,6380
1758486822504289060,1870,953,127.48,11250
1758486822504481962,1872,959,127.48,10
1758486822504673274,1873,983,127.48,14970
1758486822504862840,1875,1064,127.48,10
1758486822505039067,1876,1076,127.48,9230
1758486822505043842,1876,1088,127.48,330
1758486822505050874,1876,1094,127.48,2190
1758486822505056454,1876,1100,127.48,3220
1758486822505267891,1878,1130,127.48,10
1758486822505458449,1879,1136,127.48,17160
1758486822505669420,1881,1142,127.48,10
1758486822505859756,1882,1148,127.48,1020
1758486822505865049,1882,1154,127.48,10900
1758486822505870623,1882,1166,127.48,5240
1758486822506075928,1884,1214,127.48,10
1758486822506273332,1885,1220,127.48,7430
1758486822506476113,1887,1238,127.48,10
1758486822506700298,1888,1250,127.48,7430
1758486822506921765,1890,206,127.48,10
1758486822507125080,1891,188,127.48,8350
1758486822507129617,1891,233,127.48,3690
1758486822507134778,1891,245,127.48,5200
1758486822507348435,1893,257,127.48,10
1758486822507543389,1894,269,127.48,13440
1758486822507546967,1894,293,127.48,3800
1758486822507754812,1896,329,127.48,10
1758486822509957268,1897,347,127.48,3680
1758486822509961194,1897,353,127.48,6680
1758486822510210710,1899,365,127.48,10
1758486822510428940,1900,395,127.48,7400
1758486822510432618,1900,401,127.48,1930
1758486822510437311,1900,407,127.48,1030
1758486822510664823,1902,419,127.48,10
1758486822510861750,1903,425,127.48,8560
1758486822511072716,1905,485,127.48,10
1758486822511275488,1906,497,127.48,5490
1758486822511280270,1906,509,127.48,3070
1758486822511517118,1908,515,127.48,10
1758486822511712994,1909,545,127.48,9330
1758486822511930210,1911,563,127.48,10
1758486822512124405,1912,569,127.48,2750
1758486822512130235,1912,581,127.48,6580
1758486822512345696,1914,593,127.48,10
1758486822512542252,1915,641,127.48,11590
1758486822512761682,1917,683,127.48,10
1758486822512957639,1918,689,127.48,1140
1758486822512962170,1918,695,127.48,7440
1758486822512967644,1918,713,127.48,3010
1758486822513222644,1920,725,127.48,10
1758486822513437139,1921,731,127.48,9480
1758486822513643311,1923,791,127.48,10
1758486822513832851,1924,797,127.48,9480
1758486822514050134,1926,815,127.48,10
1758486822514268662,1927,821,127.48,2970
1758486822514272212,1927,827,127.48,7390
1758486822514500292,1929,833,127.48,10
1758486822514712268,1930,839,127.48,310
1758486822514717294,1930,851,127.48,2670
1758486822514722258,1930,881,127.48,440
1758486822514728402,1930,911,127.48,6940
1758486822514942242,1932,953,127.48,10
1758486822515151675,1933,959,127.48,7930
1758486822515156200,1933,983,127.48,90
1758486822515367237,1935,1064,127.48,10
1758486822515560296,1936,1100,127.48,5040
1758486822515563612,1936,1130,127.48,850
1758486822515568141,1936,1136,127.48,1740
1758486822515572784,1936,1142,127.48,390
1758486822515769229,1938,1166,127.48,10
1758486822515963728,1939,1214,127.48,7140
1758486822515968918,1939,1220,127.48,2910
1758486822516196547,1941,1238,127.48,10
1758486822516405341,1942,1250,127.48,1870
1758486822516411922,1942,206,127.48,6150
1758486822516416453,1942,245,127.48,1610
1758486822516420901,1942,257,127.48,420
1758486822516624962,1944,293,127.48,10
1758486822516797751,1945,329,127.48,7380
1758486822516801877,1945,353,127.48,6160
1758486822516984744,1947,365,127.48,10
1758486822517155866,1948,407,127.48,8690
1758486822517160082,1948,419,127.48,4850
1758486822517345706,1950,425,127.48,10
1758486822517514481,1951,485,127.48,5510
1758486822517518340,1951,509,127.48,3280
1758486822517522229,1951,515,127.48,3100
1758486822517711270,1953,545,127.48,10
1758486822517874861,1954,563,127.48,11890
1758486822518056592,1956,581,127.48,10
1758486822518218040,1957,593,127.48,2250
1758486822518222098,1957,641,127.48,140
1758486822518225002,1957,683,127.48,8300
1758486822518409726,1959,713,127.48,10
1758486822518573377,1960,725,127.48,600
1758486822518577503,1960,731,127.48,1920
1758486822518581956,1960,791,127.48,250
1758486822518585980,1960,797,127.48,820
1758486822518591136,1960,815,127.48,6540
1758486822518595525,1960,827,127.48,560
1758486822518770934,1962,833,127.48,10
1758486822518943299,1963,911,127.48,4190
1758486822518947743,1963,953,127.48,7230
1758486822518951701,1963,983,127.48,680
1758486822518954726,1963,1064,127.48,3640
1758486822519129487,1965,1142,127.48,10
1758486822519292835,1966,1166,127.48,8050
1758486822519296937,1966,1220,127.48,3620
1758486822519301411,1966,1238,127.48,4070
1758486822519479706,1968,257,127.48,10
1758486822519645870,1969,293,127.48,10
1758486822519649741,1969,353,127.48,5950
1758486822519653734,1969,365,127.48,10120
1758486822519657547,1969,419,127.48,1520
1758486822519844624,1971,425,127.48,10
1758486822520082096,1972,515,127.48,9050
1758486822520087933,1972,545,127.48,6770
1758486822520093492,1972,563,127.48,1430
1758486822520098963,1972,581,127.48,350
1758486822526114212,1974,683,127.48,10
1758486822526278070,1975,713,127.48,3440
1758486822526281070,1975,827,127.48,1090
1758486822526286213,1975,833,127.48,6810
1758486822526289051,1975,1064,127.48,4530
1758486822539134041,1977,1142,127.48,10
1758486822539378758,1978,1238,127.48,10030
1758486822539384049,1978,257,127.48,5840
1758486822539652739,1980,419,127.48,10
1758486822539877910,1981,425,127.48,1860
1758486822539883036,1981,581,127.48,1180
1758486822539889124,1981,683,127.48,1190
1758486822539894102,1981,1064,127.48,6120
1758486822539899626,1981,1142,127.48,150
1758486822540151156,1983,257,127.48,10
1758486822540375417,1984,419,127.48,2090
1758486822540379751,1984,1142,127.48,6030
1758486822540385484,1984,257,127.48,2380
1758486822540671515,1986,257,127.48,10
1758486822540898294,1987,257,127.48,9290
1758486822540903900,1987,98,127.49,6420
1758486822541140377,1989,92,127.49,10
1758486822541371907,1990,104,127.49,13500
1758486822541377826,1990,86,127.49,2210
1758486822541616816,1992,161,127.49,10
1758486822541833648,1993,167,127.49,8230
1758486822542067608,1995,173,127.49,10
1758486822542303391,1996,179,127.49,8230
1758486822542546015,1998,185,127.49,10
1758486822542764388,1999,203,127.49,7960
1758486822543004819,2001,215,127.49,10
1758486822543227779,2002,221,127.49,7960
1758486822543479930,2004,431,127.49,10
1758486822543688635,2005,437,127.49,10680
1758486822543924799,2007,443,127.49,10
1758486822544151498,2008,455,127.49,10680
1758486822544387495,2010,461,127.49,10
1758486822544605791,2011,467,127.49,11310
1758486822544611344,2011,473,127.49,5200
1758486822544840834,2013,551,127.49,10
1758486822545043239,2014,737,127.49,6830
1758486822545048187,2014,755,127.49,9680
1758486822545281554,2016,761,127.49,10
1758486822545499303,2017,767,127.49,9420
1758486822545730287,2019,773,127.49,10
1758486822545942966,2020,779,127.49,7010
1758486822545947787,2020,995,127.49,2410
1758486822546176712,2022,1001,127.49,10
1758486822546407161,2023,1007,127.49,6440
1758486822546412796,2023,1013,127.49,670
1758486822546655091,2025,1019,127.49,10
1758486822546867602,2026,1025,127.49,7110
1758486822547111223,2028,1031,127.49,10
1758486822547333497,2029,1037,127.49,7970
1758486822547559395,2031,1043,127.49,10
1758486822547702232,2032,1049,127.49,6970
1758486822547704853,2032,1055,127.49,1000
1758486822547865119,2034,1061,127.49,10
1758486822548014559,2035,1073,127.49,12730
1758486822548019330,2035,1082,127.49,4430
1758486822548178961,2037,1118,127.49,10
1758486822548325846,2038,1124,127.49,8670
1758486822548329401,2038,1163,127.49,8490
1758486822548491411,2040,1181,127.49,10
1758486822548622029,2041,1187,127.49,6430
1758486822548625596,2041,1193,127.49,7260
1758486822548628747,2041,1199,127.49,630
1758486822549190648,2043,1205,127.49,10
1758486822549346391,2044,1211,127.49,14320
1758486822549507093,2046,1235,127.49,10
1758486822549642510,2047,1256,127.49,7400
1758486822549645659,2047,1478,127.49,2110
1758486822549793328,2049,1484,127.49,10
1758486822549929958,2050,1574,127.49,9510
1758486822550072459,2052,1580,127.49,10
1758486822550825768,2053,1586,127.49,13050
1758486822550828257,2053,1592,127.49,270
1758486822550974106,2055,1598,127.49,10
1758486822551129113,2056,1604,127.49,13320
1758486822551289876,2058,1610,127.49,10
1758486822551444668,2059,1616,127.49,7780
1758486822551448617,2059,1622,127.49,5190
1758486822551606215,2061,1628,127.49,10
1758486822551752362,2062,1634,127.49,12970
1758486822551909779,2064,1640,127.49,10
1758486822552702540,2065,1646,127.49,14590
1758486822552861494,2067,1652,127.49,10
1758486822553034955,2068,1658,127.49,9440
1758486822553038683,2068,1664,127.49,5150
1758486822553209297,2070,1670,127.49,10
1758486822553521815,2071,1676,127.49,9260
1758486822553782809,2073,1682,127.49,10
1758486822553994453,2074,1688,127.49,9260
1758486822555752889,2076,1694,127.49,10
1758486822556058209,2079,1700,127.49,10
1758486822556223556,2080,1712,127.49,11440
1758486822556227833,2080,1718,127.49,5790
1758486822556410768,2082,1724,127.49,10
1758486822556733379,2085,1730,127.49,10
1758486822556893827,2086,1736,127.49,8480
1758486822556898211,2086,1742,127.49,1740
1758486822566811347,2088,1748,127.49,10
1758486822567151546,2091,1754,127.49,10
1758486822567319834,2092,1760,127.49,15080
1758486822567602890,2094,1766,127.49,10
1758486822568106953,2097,1772,127.49,10
1758486822568664883,2098,1778,127.49,6510
1758486822568915200,2100,1784,127.49,10
1758486822569399376,2103,1808,127.49,10
1758486822569612740,2104,98,127.49,360
1758486822569618134,2104,92,127.49,10660
1758486822569849012,2106,86,127.49,10
1758486822570658190,2109,161,127.49,10
1758486822570888704,2110,167,127.49,4010
1758486822570892235,2110,173,127.49,6740
1758486822571117083,2112,179,127.49,10
1758486822571323925,2113,185,127.49,10810
1758486822571327864,2113,203,127.49,2360
1758486822571551184,2115,215,127.49,10
1758486822571754149,2116,221,127.49,10170
1758486822571757628,2116,431,127.49,3000
1758486822571975878,2118,437,127.49,10
1758486822577767130,2119,443,127.49,7230
1758486822578025126,2121,455,127.49,10
1758486822578229099,2122,461,127.49,7230
1758486822578450815,2124,473,127.49,10
1758486822578652900,2125,551,127.49,15990
1758486822578656805,2125,755,127.49,300
1758486822578876071,2127,761,127.49,10
1758486822579080553,2128,767,127.49,280
1758486822579084079,2128,773,127.49,16010
1758486822579378551,2130,995,127.49,10
1758486822579796651,2133,1001,127.49,10
1758486822579998775,2134,1013,127.49,6710
1758486822580002242,2134,1019,127.49,2350
1758486822580237748,2136,1025,127.49,10
1758486822580656311,2139,1031,127.49,10
1758486822580979816,2140,1037,127.49,9130
1758486822580983996,2140,1043,127.49,5730
1758486822581190690,2142,1055,127.49,10
1758486822581621595,2145,1061,127.49,10
1758486822581829052,2146,1082,127.49,12560
1758486822581836508,2146,1118,127.49,3900
1758486822582053917,2148,1163,127.49,10
1758486822582484954,2151,1181,127.49,10
1758486822582676258,2152,1199,127.49,8840
1758486822582681643,2152,1205,127.49,4570
1758486822582897866,2154,1211,127.49,10
1758486822583298851,2157,1235,127.49,10
1758486822583495039,2158,1478,127.49,13540
1758486822583499923,2158,1484,127.49,2130
1758486822583706386,2160,1574,127.49,10
1758486822584335623,2163,1580,127.49,10
1758486822584543880,2164,1592,127.49,13570
1758486822584548792,2164,1598,127.49,1100
1758486822584767986,2166,1604,127.49,10
1758486822585018614,2167,1610,127.49,10800
1758486822585297805,2169,1622,127.49,10
1758486822585591891,2170,1628,127.49,10800
1758486822585898007,2172,1634,127.49,10
1758486822586147120,2173,1640,127.49,10190
1758486822586151908,2173,1646,127.49,2700
1758486822586156967,2173,1652,127.49,3640
1758486822586371461,2175,1664,127.49,10
1758486822586610965,2176,1670,127.49,7590
1758486822586616345,2176,1676,127.49,6250
1758486822586620687,2176,1682,127.49,2690
1758486822586858722,2178,1688,127.49,10
1758486822587065038,2179,1694,127.49,10030
1758486822587279822,2181,1700,127.49,10
1758486822587480319,2182,1718,127.49,6650
1758486822587484969,2182,1724,127.49,3380
1758486822588478412,2184,1730,127.49,10
1758486822588635203,2185,1742,127.49,13520
1758486822588797431,2187,1748,127.49,10
1758486822588946766,2188,1754,127.49,13320
1758486822588950678,2188,1760,127.49,70
1758486822588954173,2188,1766,127.49,130
1758486822589115177,2190,1772,127.49,10
1758486822589277603,2191,1778,127.49,8210
1758486822589281828,2191,1784,127.49,7510
1758486822589460794,2193,1808,127.49,10
1758486822589908153,2194,92,127.49,2180
1758486822589911646,2194,86,127.49,4150
1758486822589917954,2194,161,127.49,9320
1758486822589921538,2194,173,127.49,70
1758486822590093882,2196,179,127.49,10
1758486822590257195,2197,203,127.49,6480
1758486822590261061,2197,215,127.49,4620
1758486822590427539,2199,431,127.49,10
1758486822590583845,2200,437,127.49,2090
1758486822590587366,2200,443,127.49,9010
1758486822590753257,2202,455,127.49,10
1758486822590908122,2203,461,127.49,9890
1758486822590911854,2203,473,127.49,240
1758486822591516253,2205,755,127.49,10
1758486822591677529,2206,761,127.49,10130
1758486822591847636,2208,773,127.49,10
1758486822592005120,2209,995,127.49,4900
1758486822592008991,2209,1001,127.49,7210
1758486822592175811,2211,1019,127.49,10
1758486822592333035,2212,1025,127.49,8930
1758486822592337397,2212,1031,127.49,3180
1758486822592500580,2214,1043,127.49,10
1758486822592860026,2215,1055,127.49,15190
1758486822592863974,2215,1061,127.49,1450
1758486822593030351,2217,1118,127.49,10
1758486822593190348,2218,1163,127.49,8440
1758486822593195844,2218,1181,127.49,8200
1758486822593367152,2220,1205,127.49,10
1758486822593522186,2221,1211,127.49,3200
1758486822593526284,2221,1235,127.49,14860
1758486822593689442,2223,1484,127.49,10
1758486822593838397,2224,1574,127.49,8420
1758486822593842295,2224,1580,127.49,9640
1758486822594131164,2226,1598,127.49,10
1758486822594286323,2227,1604,127.49,3170
1758486822594290025,2227,1610,127.49,2110
1758486822594293712,2227,1622,127.49,2740
1758486822594297361,2227,1628,127.49,2280
1758486822594302410,2227,1634,127.49,2890
1758486822594493788,2229,1652,127.49,10
1758486822594650750,2230,1664,127.49,1610
1758486822594654492,2230,1682,127.49,6130
1758486822594658257,2230,1688,127.49,1730
1758486822594661744,2230,1694,127.49,2610
1758486822594665568,2230,1700,127.49,1110
1758486822594836065,2232,1724,127.49,10
1758486822594997577,2233,1730,127.49,14660
1758486822595164040,2235,1742,127.49,10
1758486822595578441,2236,1748,127.49,14660
1758486822595754592,2238,1766,127.49,10
1758486822595917814,2239,1772,127.49,8040
1758486822595921351,2239,1784,127.49,5420
1758486822595924193,2239,1808,127.49,4260
1758486822596095700,2241,173,127.49,10
1758486822596247874,2242,179,127.49,5410
1758486822596251163,2242,215,127.49,5940
1758486822596254739,2242,431,127.49,6370
1758486822596426214,2244,443,127.49,10
1758486822596588018,2245,455,127.49,60
1758486822596590806,2245,473,127.49,3380
1758486822596595096,2245,755,127.49,4110
1758486822597275133,2247,761,127.49,10
1758486822597441582,2248,773,127.49,530
1758486822597445574,2248,1001,127.49,5070
1758486822597449314,2248,1019,127.49,1950
1758486822597613110,2250,1031,127.49,10
1758486822597773058,2251,1043,127.49,9190
1758486822597777241,2251,1061,127.49,50
1758486822597947968,2253,1118,127.49,10
1758486822598105368,2254,1181,127.49,9240
1758486822598274367,2256,1205,127.49,10
1758486822598833214,2257,1235,127.49,1600
1758486822598836592,2257,1484,127.49,5250
1758486822598840035,2257,1580,127.49,4000
1758486822598843817,2257,1598,127.49,4410
1758486822599014377,2259,1634,127.49,10
1758486822599170723,2260,1652,127.49,12300
1758486822599174200,2260,1700,127.49,2960
1758486822599331662,2262,1724,127.49,10
1758486822599483095,2263,1730,127.49,1970
1758486822599486518,2263,1742,127.49,1240
1758486822599488950,2263,1748,127.49,380
1758486822599492323,2263,1766,127.49,11360
1758486822599495756,2263,1808,127.49,1760
1758486822599652960,2265,173,127.49,10
1758486822599797162,2266,431,127.49,890
1758486822599800683,2266,443,127.49,1930
1758486822599804152,2266,755,127.49,880
1758486822599807394,2266,761,127.49,8130
1758486822599810802,2266,1019,127.49,4880
1758486822600581489,2268,1031,127.49,10
1758486822600828621,2269,1061,127.49,15470
1758486822600834094,2269,1118,127.49,1660
1758486822601076517,2271,1181,127.49,10
1758486822601273134,2272,1205,127.49,10160
1758486822601277430,2272,1598,127.49,5400
1758486822601281606,2272,1634,127.49,1570
1758486822601509357,2274,1700,127.49,10
1758486822601704338,2275,1724,127.49,9730
1758486822601708701,2275,1808,127.49,1820
1758486822602038746,2277,173,127.49,10
1758486822602246816,2278,1019,127.49,7310
1758486822602250135,2278,1031,127.49,4240
1758486822602414246,2280,1118,127.49,10
1758486822602560179,2281,1181,127.49,540
1758486822602566089,2281,1634,127.49,690
1758486822602569330,2281,1700,127.49,6210
1758486822602725490,2283,1808,127.49,10
1758486822602872025,2284,173,127.49,5210
1758486822602875412,2284,1031,127.49,2230
1758486822603030133,2286,1118,127.49,10
1758486822603583135,2287,1700,127.49,5160
1758486822603586351,2287,1808,127.49,5860
1758486822603589613,2287,1031,127.49,820
1758486822603755821,2289,1118,127.49,10
1758486822603907649,2290,1031,127.49,7360
1758486822603910960,2290,1118,127.49,4480
1758486822604064007,2292,1118,127.49,10
1758486822604206788,2293,1118,127.49,6210
1758486822604210564,2293,80,127.5,3010
1758486822604358693,2295,113,127.5,10
1758486822604502652,2296,119,127.5,9220
1758486822630257302,2298,125,127.5,10
1758486822630550129,2299,131,127.5,9990
1758486822630807116,2301,137,127.5,10
1758486822631110034,2302,143,127.5,9990
1758486822631455496,2304,149,127.5,10
1758486822631774225,2305,155,127.5,12190
1758486822631781826,2305,191,127.5,3870
1758486822632143669,2307,197,127.5,10
1758486822632488913,2308,209,127.5,14700
1758486822632496238,2308,1067,127.5,1360
1758486822632838354,2310,1079,127.5,10
1758486822633144910,2311,1091,127.5,7260
1758486822633488478,2313,1097,127.5,10
1758486822633797316,2314,1103,127.5,7260
1758486822634132668,2316,1109,127.5,10
1758486822634450693,2317,1115,127.5,8990
1758486822634457896,2317,1133,127.5,7150
1758486822634464707,2317,1139,127.5,620
1758486822634869272,2319,1145,127.5,10
1758486822635249996,2320,1151,127.5,16760
1758486822635614371,2322,1157,127.5,10
1758486822635914434,2323,1169,127.5,11710
1758486822636240945,2325,1175,127.5,10
1758486822636545197,2326,1217,127.5,11710
1758486822636873289,2328,1223,127.5,10
1758486822637196427,2329,1229,127.5,8690
1758486822637203596,2329,1241,127.5,5150
1758486822637555093,2331,1247,127.5,10
1758486822637848282,2332,1253,127.5,12560
1758486822637855015,2332,1262,127.5,1280
1758486822638192034,2334,1268,127.5,10
1758486822638421300,2335,1274,127.5,7440
1758486822638607812,2337,1280,127.5,10
1758486822638800522,2338,1286,127.5,7440
1758486822638998785,2340,1298,127.5,10
1758486822639173400,2341,1304,127.5,6420
1758486822639177611,2341,1310,127.5,4150
1758486822639374127,2343,1316,127.5,10
1758486822639563570,2344,1328,127.5,6980
1758486822639568374,2344,1340,127.5,3590
1758486822639764882,2346,1346,127.5,10
1758486822639948716,2347,1352,127.5,7440
1758486822640150031,2349,1358,127.5,10
1758486822640348548,2350,1364,127.5,7440
1758486822640555787,2352,1370,127.5,10
1758486822640738784,2353,1376,127.5,10810
1758486822640741887,2353,1382,127.5,7640
1758486822640939461,2355,1388,127.5,10
1758486822641128072,2356,1394,127.5,11190
1758486822641131423,2356,1400,127.5,7260
1758486822641334753,2358,1406,127.5,10
1758486822641540501,2359,1418,127.5,7300
1758486822641544784,2359,1424,127.5,9210
1758486822641750787,2361,1430,127.5,10
1758486822642895165,2362,1436,127.5,15240
1758486822642900487,2362,1442,127.5,1270
1758486822643112372,2364,1448,127.5,10
1758486822643315885,2365,1454,127.5,10990
1758486822643320185,2365,1460,127.5,1130
1758486822643533835,2367,1466,127.5,10
1758486822643726615,2368,1472,127.5,12120
1758486822643930143,2370,1490,127.5,10
1758486822644124587,2371,1496,127.5,9130
1758486822644653146,2373,1502,127.5,10
1758486822644844955,2374,1508,127.5,6930
1758486822644849246,2374,1526,127.5,2200
1758486822645060069,2376,1532,127.5,10
1758486822645255836,2377,1706,127.5,7740
1758486822645260597,2377,1790,127.5,10360
1758486822645476313,2379,1796,127.5,10
1758486822645651282,2380,1802,127.5,17760
1758486822645655612,2380,1814,127.5,340
1758486822645853781,2382,1820,127.5,10
1758486822646765036,2383,1826,127.5,10660
1758486822646978170,2385,1832,127.5,10
1758486822647175774,2386,1838,127.5,10660
1758486822647379607,2388,1844,127.5,10
1758486822647586512,2389,1850,127.5,8340
1758486822647786394,2391,1856,127.5,10
1758486822647969804,2392,1862,127.5,8340
1758486822648417809,2394,80,127.5,10
1758486822648617527,2395,113,127.5,13420
1758486822648836689,2397,119,127.5,10
1758486822649031997,2398,125,127.5,13130
1758486822649036353,2398,131,127.5,290
1758486822649253817,2400,137,127.5,10
1758486822649428183,2401,143,127.5,4830
1758486822649431866,2401,149,127.5,7120
1758486822649435475,2401,191,127.5,4520
1758486822649439123,2401,197,127.5,1760
1758486822649621190,2403,1067,127.5,10
1758486822652753145,2404,1079,127.5,9240
1758486822652756878,2404,1091,127.5,8230
1758486822652759609,2404,1097,127.5,760
1758486822652935781,2406,1103,127.5,10
1758486822653107884,2407,1109,127.5,6360
1758486822653296642,2409,1139,127.5,10
1758486822653487954,2410,1145,127.5,6360
1758486822653669454,2412,1151,127.5,10
1758486822653838234,2413,1157,127.5,9320
1758486822654541153,2415,1169,127.5,10
1758486822654722140,2416,1175,127.5,9320
1758486822654906882,2418,1217,127.5,10
1758486822655070887,2419,1223,127.5,13970
1758486822655074826,2419,1241,127.5,4190
1758486822655252685,2421,1247,127.5,10
1758486822655421164,2422,1262,127.5,12090
1758486822655425007,2422,1268,127.5,6070
1758486822655598856,2424,1274,127.5,10
1758486822655766632,2425,1280,127.5,8470
1758486822655938653,2427,1286,127.5,10
1758486822656107073,2428,1298,127.5,8470
1758486822656289116,2430,1310,127.5,10
1758486822656471515,2431,1316,127.5,7740
1758486822656656494,2433,1340,127.5,10
1758486822656836782,2434,1346,127.5,7740
1758486822657037005,2436,1352,127.5,10
1758486822657216127,2437,1358,127.5,8620
1758486822657220722,2437,1364,127.5,4890
1758486822657410609,2439,1370,127.5,10
1758486822657595892,2440,1382,127.5,7470
1758486822657600651,2440,1388,127.5,6040
1758486822657792979,2442,1400,127.5,10
1758486822657967654,2443,1406,127.5,13400
1758486822657970465,2443,1424,127.5,3800
1758486822658161283,2445,1430,127.5,10
1758486822658342741,2446,1442,127.5,16660
1758486822658346936,2446,1448,127.5,540
1758486822658541447,2448,1460,127.5,10
1758486822658718807,2449,1466,127.5,12340
1758486822658917724,2451,1472,127.5,10
1758486822659086678,2452,1490,127.5,12340
1758486822659250636,2454,1496,127.5,10
1758486822659427545,2455,1502,127.5,12250
1758486822659430537,2455,1526,127.5,6620
1758486822659631511,2457,1532,127.5,10
1758486822660635202,2458,1790,127.5,4030
1758486822660638547,2458,1796,127.5,10570
1758486822660641658,2458,1814,127.5,4270
1758486822660806323,2460,1820,127.5,10
1758486822660977829,2461,1826,127.5,5200
1758486822660982051,2461,1832,127.5,9690
1758486822661153736,2463,1838,127.5,10
1758486822661325022,2464,1844,127.5,14890
1758486822661515056,2466,1850,127.5,10
1758486822661680915,2467,1856,127.5,7250
1758486822662077175,2469,1862,127.5,10
1758486822662242322,2470,80,127.5,2150
1758486822662247016,2470,113,127.5,4510
1758486822662250061,2470,119,127.5,590
1758486822662443893,2472,131,127.5,10
1758486822662614941,2473,137,127.5,18230
1758486822662619347,2473,197,127.5,620
1758486822662806893,2475,1067,127.5,10
1758486822662977833,2476,1097,127.5,17930
1758486822662982041,2476,1103,127.5,920
1758486822663165730,2478,1109,127.5,10
1758486822663541623,2479,1139,127.5,11460
1758486822663728249,2481,1145,127.5,10
1758486822663891363,2482,1151,127.5,90
1758486822663894269,2482,1157,127.5,1590
1758486822663898449,2482,1169,127.5,1600
1758486822663901197,2482,1175,127.5,8180
1758486822664130477,2484,1217,127.5,10
1758486822664312189,2485,1241,127.5,9190
1758486822664316495,2485,1247,127.5,750
1758486822664530261,2487,1268,127.5,10
1758486822664719336,2488,1274,127.5,680
1758486822664724277,2488,1280,127.5,3410
1758486822664728667,2488,1286,127.5,3080
1758486822664732998,2488,1298,127.5,2770
1758486822665828845,2490,1310,127.5,10
1758486822666022536,2491,1316,127.5,7570
1758486822666026921,2491,1340,127.5,5790
1758486822666218490,2493,1346,127.5,10
1758486822666403241,2494,1352,127.5,2950
1758486822666407924,2494,1364,127.5,1270
1758486822666412242,2494,1370,127.5,8250
1758486822666417704,2494,1388,127.5,890
1758486822666638527,2496,1400,127.5,10
1758486822666816583,2497,1424,127.5,4430
1758486822666819542,2497,1430,127.5,5720
1758486822667009142,2499,1448,127.5,10
1758486822668133771,2500,1460,127.5,10150
1758486822668373104,2502,1466,127.5,10
1758486822668593698,2503,1472,127.5,6080
1758486822668597888,2503,1490,127.5,1320
1758486822668813422,2505,1496,127.5,10
1758486822669006913,2506,1526,127.5,3220
1758486822669010330,2506,1532,127.5,4180
1758486822669218985,2508,1814,127.5,10
1758486822669410923,2509,1820,127.5,6330
1758486822669687314,2511,1832,127.5,10
1758486822669881267,2512,1838,127.5,1890
1758486822669884143,2512,1844,127.5,2710
1758486822669889074,2512,1850,127.5,1340
1758486822669892140,2512,1856,127.5,390
1758486822670076647,2514,1862,127.5,10
1758486822670253305,2515,119,127.5,8720
1758486822670257574,2515,131,127.5,1810
1758486822670260969,2515,197,127.5,1460
1758486822670453392,2517,1067,127.5,10
1758486822670623614,2518,1103,127.5,90
1758486822670628110,2518,1109,127.5,2780
1758486822670632032,2518,1139,127.5,6830
1758486822670637507,2518,1145,127.5,240
1758486822670641667,2518,1175,127.5,190
1758486822670644459,2518,1217,127.5,390
1758486822670648706,2518,1247,127.5,1470
1758486822670843293,2520,1268,127.5,10
1758486822671139474,2521,1298,127.5,2460
1758486822671143785,2521,1310,127.5,11750
1758486822671148023,2521,1340,127.5,2670
1758486822671341381,2523,1346,127.5,10
1758486822671522067,2524,1388,127.5,6440
1758486822671525030,2524,1400,127.5,4340
1758486822671529145,2524,1430,127.5,1550
1758486822671533007,2524,1448,127.5,4550
1758486822671711384,2526,1460,127.5,10
1758486822671869716,2527,1466,127.5,5090
1758486822671873216,2527,1490,127.5,1090
1758486822671876868,2527,1496,127.5,2340
1758486822671880317,2527,1532,127.5,5020
1758486822672051511,2529,1814,127.5,10
1758486822672205497,2530,1820,127.5,5640
1758486822672208835,2530,1832,127.5,6630
1758486822672212729,2530,1856,127.5,1270
1758486822672832112,2532,1862,127.5,10
1758486822672996313,2533,197,127.5,8820
1758486822672999863,2533,1067,127.5,10110
1758486822673167856,2535,1247,127.5,10
1758486822673320367,2536,1268,127.5,6560
1758486822673323987,2536,1340,127.5,6310
1758486822673327715,2536,1346,127.5,1570
1758486822673347085,2536,1448,127.5,4490
1758486822673538939,2538,1460,127.5,10
1758486822673722902,2539,1532,127.5,900
1758486822673725690,2539,1814,127.5,2760
1758486822673729783,2539,1856,127.5,2580
1758486822673736778,2539,1862,127.5,3690
1758486822673918575,2541,1067,127.5,10
1758486822675941521,2542,1247,127.5,7450
1758486822675946866,2542,1448,127.5,130
1758486822675949320,2542,1460,127.5,2190
1758486822675953017,2542,1862,127.5,160
1758486822676158255,2544,1067,127.5,10
1758486822676360822,2545,1862,127.5,5440
1758486822676363869,2545,1067,127.5,4410
1758486822676568996,2547,1067,127.5,10
1758486822676763009,2548,1067,127.5,460
1758486822676767199,2548,5,127.51,8440
1758486822676771681,2548,11,127.51,950
1758486822676980329,2550,17,127.51,10
1758486822677190682,2551,44,127.51,8330
1758486822677406454,2553,56,127.51,10
1758486822677584349,2554,89,127.51,6400
1758486822677589336,2554,95,127.51,1930
1758486822677773294,2556,101,127.51,10
1758486822677946106,2557,107,127.51,8380
1758486822678149912,2559,1085,127.51,10
1758486822678348950,2560,1121,127.51,8380
1758486822679491743,2562,1127,127.51,10
1758486822679679196,2563,1259,127.51,7400
1758486822679683313,2563,1292,127.51,2510
1758486822679882363,2565,1322,127.51,10
1758486822680068410,2566,1334,127.51,9910
1758486822680263328,2568,1412,127.51,10
1758486822680440366,2569,1481,127.51,15650
1758486822680444278,2569,1487,127.51,670
1758486822680649434,2571,1514,127.51,10
1758486822680836835,2572,1520,127.51,16290
1758486822680840640,2572,1538,127.51,30
1758486822681034264,2574,1544,127.51,10
1758486822681215456,2575,1550,127.51,15770
1758486822681219363,2575,1556,127.51,1980
1758486822681422812,2577,1562,127.51,10
1758486822681603357,2578,1568,127.51,9490
1758486822681607085,2578,1577,127.51,8260
1758486822681809739,2580,1583,127.51,10
1758486822683109304,2581,1589,127.51,13050
1758486822683112107,2581,1595,127.51,5580
1758486822683275990,2583,1601,127.51,10
1758486822683465315,2584,1607,127.51,16500
1758486822683469348,2584,1613,127.51,2130
1758486822683663345,2586,1619,127.51,10
1758486822683831008,2587,1625,127.51,7940
1758486822683834916,2587,1631,127.51,1300
1758486822684015939,2589,1637,127.51,10
1758486822684183358,2590,1643,127.51,9240
1758486822684368674,2592,1649,127.51,10
1758486822684540072,2593,1655,127.51,15960
1758486822684544139,2593,1661,127.51,1480
1758486822684724019,2595,1667,127.51,10
1758486822684893840,2596,1673,127.51,7600
1758486822684897614,2596,1679,127.51,9840
1758486822685077227,2598,1685,127.51,10
1758486822685254242,2599,1691,127.51,10460
1758486822685470704,2601,1697,127.51,10
1758486822685669850,2602,1703,127.51,10460
1758486822685847128,2604,1715,127.51,10
1758486822686013734,2605,1721,127.51,7740
1758486822686194799,2607,1727,127.51,10
1758486822686367646,2608,1733,127.51,7740
1758486822686583432,2610,1739,127.51,10
1758486822686765685,2611,1745,127.51,16510
1758486822686769734,2611,1751,127.51,790
1758486822686976664,2613,1757,127.51,10
1758486822687162608,2614,1763,127.51,15150
1758486822687166590,2614,1769,127.51,2150
1758486822687376385,2616,1775,127.51,10
1758486822687554209,2617,1781,127.51,14340
1758486822689230133,2619,1787,127.51,10
1758486822689403623,2620,1811,127.51,13730
1758486822689407535,2620,1868,127.51,610
1758486822689586729,2622,1874,127.51,10
1758486822689748804,2623,1880,127.51,8390
1758486822689928722,2625,2078,127.51,10
1758486822690109103,2626,2084,127.51,8390
1758486822690758148,2628,2090,127.51,10
1758486822690949482,2629,2096,127.51,6510
1758486822690953485,2629,2102,127.51,5230
1758486822691151469,2631,2108,127.51,10
1758486822691342690,2632,2132,127.51,9060
1758486822691346448,2632,2138,127.51,2680
1758486822691521476,2634,2144,127.51,10
1758486822691681080,2635,2150,127.51,9940
1758486822691851363,2637,2156,127.51,10
1758486822692566446,2638,2162,127.51,9940
1758486822692731593,2640,11,127.51,10
1758486822692910711,2641,17,127.51,12120
1758486822692914598,2641,44,127.51,3500
1758486822693102610,2643,56,127.51,10
1758486822693284255,2644,95,127.51,10930
1758486822693288851,2644,101,127.51,4690
1758486822693491520,2646,107,127.51,10
1758486822694246478,2647,1085,127.51,12040
1758486822694483534,2649,1121,127.51,10
1758486822694709503,2650,1127,127.51,8660
1758486822694714356,2650,1292,127.51,3380
1758486822694949842,2652,1322,127.51,10
1758486822695163842,2653,1334,127.51,5940
1758486822695169004,2653,1412,127.51,6370
1758486822695173424,2653,1487,127.51,6500
1758486822695406137,2655,1514,127.51,10
1758486822696574336,2656,1538,127.51,11130
1758486822696577872,2656,1544,127.51,7680
1758486822696746582,2658,1556,127.51,10
1758486822696929980,2659,1562,127.51,7000
1758486822697128035,2661,1577,127.51,10
1758486822697331466,2662,1583,127.51,7000
1758486822697545309,2664,1595,127.51,10
1758486822702068713,2665,1601,127.51,10790
1758486822702229557,2667,1613,127.51,10
1758486822702427420,2668,1619,127.51,7770
1758486822702431305,2668,1631,127.51,3020
1758486822702617434,2670,1637,127.51,10
1758486822702796670,2671,1643,127.51,960
1758486822702800719,2671,1649,127.51,11440
1758486822702999358,2673,1661,127.51,10
1758486822703183212,2674,1667,127.51,6760
1758486822703187253,2674,1679,127.51,5640
1758486822703851513,2676,1685,127.51,10
1758486822704045670,2677,1691,127.51,540
1758486822704049532,2677,1697,127.51,12130
1758486822704251040,2679,1703,127.51,10
1758486822704435612,2680,1715,127.51,11430
1758486822704440052,2680,1721,127.51,1240
1758486822704647707,2682,1727,127.51,10
1758486822704835194,2683,1733,127.51,8910
1758486822704838309,2683,1739,127.51,1390
1758486822705783215,2685,1751,127.51,10
1758486822705992349,2686,1757,127.51,10300
1758486822706188091,2688,1769,127.51,10
1758486822706370417,2689,1775,127.51,8050
1758486822706374864,2689,1781,127.51,380
1758486822706378870,2689,1787,127.51,7090
1758486822706569269,2691,1868,127.51,10
1758486822706744836,2692,1874,127.51,14960
1758486822706748449,2692,1880,127.51,560
1758486822707385652,2694,2078,127.51,10
1758486822707760977,2697,2084,127.51,10
1758486822707943005,2698,2090,127.51,15070
1758486822707946853,2698,2102,127.51,2290
1758486822708140181,2700,2108,127.51,10
1758486822708995101,2703,2138,127.51,10
1758486822709192165,2704,2144,127.51,16450
1758486822709196638,2704,2150,127.51,1720
1758486822709402635,2706,2156,127.51,10
1758486822709595344,2707,2162,127.51,4730
1758486822709599547,2707,11,127.51,7750
1758486822709603472,2707,44,127.51,4000
1758486822709817926,2709,56,127.51,10
1758486822710034122,2710,101,127.51,2080
1758486822710038691,2710,107,127.51,5110
1758486822710042688,2710,1085,127.51,4940
1758486822710046730,2710,1121,127.51,4350
1758486822710567325,2712,1292,127.51,10
1758486822710988574,2715,1322,127.51,10
1758486822711197807,2716,1487,127.51,230
1758486822711202246,2716,1514,127.51,8700
1758486822711206413,2716,1544,127.51,8120
1758486822711430591,2718,1556,127.51,10
1758486822711613399,2719,1562,127.51,780
1758486822711617435,2719,1577,127.51,9670
1758486822711621185,2719,1583,127.51,2810
1758486822712008168,2721,1595,127.51,10
1758486822712210637,2722,1601,127.51,130
1758486822712214553,2722,1613,127.51,10780
1758486822712218609,2722,1631,127.51,2350
1758486822712433641,2724,1637,127.51,10
1758486822712810710,2727,1649,127.51,10
1758486822712991254,2728,1661,127.51,7950
1758486822712995173,2728,1679,127.51,30
1758486822712999102,2728,1685,127.51,8760
1758486822713526720,2730,1697,127.51,10
1758486822713884316,2733,1703,127.51,10
1758486822714055217,2734,1721,127.51,3460
1758486822714059047,2734,1727,127.51,6680
1758486822714238965,2736,1739,127.51,10
1758486822717433492,2739,1751,127.51,10
1758486822717631242,2740,1757,127.51,3020
1758486822717635326,2740,1769,127.51,8320
1758486822717833994,2742,1787,127.51,10
1758486822718222325,2745,1868,127.51,10
1758486822718421101,2746,1880,127.51,8210
1758486822718426040,2746,2078,127.51,2100
1758486822721453837,2748,2084,127.51,10
1758486822722188515,2751,2102,127.51,10
1758486822722437164,2752,2108,127.51,10730
1758486822722441866,2752,2138,127.51,1480
1758486822722674154,2754,2150,127.51,10
1758486822723168876,2757,2156,127.51,10
1758486822723412612,2758,44,127.51,890
1758486822723417006,2758,56,127.51,7200
1758486822723420961,2758,1121,127.51,1830
1758486822723621243,2760,1292,127.51,10
1758486822724001659,2763,1322,127.51,10
1758486822724627260,2764,1544,127.51,1290
1758486822724630507,2764,1556,127.51,7750
1758486822724634697,2764,1583,127.51,3840
1758486822724637870,2764,1595,127.51,5580
1758486822724829037,2766,1631,127.51,10
1758486822725186179,2769,1637,127.51,10
1758486822725359349,2770,1649,127.51,5830
1758486822725363083,2770,1685,127.51,50
1758486822725366639,2770,1697,127.51,500
1758486822725370071,2770,1703,127.51,3880
1758486822725561503,2772,1727,127.51,10
1758486822725929329,2775,1739,127.51,10
1758486822726106453,2776,1751,127.51,7550
1758486822726297202,2778,1769,127.51,10
1758486822726681987,2781,1787,127.51,10
1758486822731395501,2782,1868,127.51,12960
1758486822731618733,2784,2078,127.51,10
1758486822732060261,2787,2084,127.51,10
1758486822732269216,2788,2102,127.51,3490
1758486822732272543,2788,2138,127.51,3540
1758486822741836633,2790,2150,127.51,10
1758486822742380234,2793,2156,127.51,10
1758486822742650211,2794,1121,127.51,1750
1758486822742655760,2794,1292,127.51,5960
1758486822742962224,2796,1322,127.51,10
1758486822743562168,2799,1595,127.51,10
1758486822743845340,2800,1631,127.51,6410
1758486822743851787,2800,1637,127.51,2670
1758486822744148295,2802,1703,127.51,10
1758486822744731377,2805,1727,127.51,10
1758486822745022821,2806,1739,127.51,7060
1758486822745026914,2806,1751,127.51,5120
1758486822745339300,2808,1769,127.51,10
1758486822745934137,2811,1787,127.51,10
1758486822746219335,2812,1868,127.51,4040
1758486822746224968,2812,2078,127.51,7740
1758486822746525200,2814,2084,127.51,10
1758486822747834426,2817,2138,127.51,10
1758486822748119757,2818,2150,127.51,1730
1758486822748125222,2818,2156,127.51,14680
1758486822748435519,2820,1292,127.51,10
1758486822749015481,2823,1322,127.51,10
1758486822749322853,2824,1595,127.51,2650
1758486822749328535,2824,1637,127.51,13000
1758486822749573769,2826,1703,127.51,10
1758486822749970938,2829,1727,127.51,10
1758486822750170799,2830,1751,127.51,1580
1758486822750174648,2830,1769,127.51,1010
1758486822750179770,2830,1787,127.51,5810
1758486822750182279,2830,2078,127.51,3290
1758486822750388884,2832,2084,127.51,10
1758486822751155036,2838,2138,127.51,10
1758486822751743474,2841,2156,127.51,10
1758486822751983187,2842,1292,127.51,1020
1758486822751987593,2842,1322,127.51,9290
1758486822752205198,2844,1637,127.51,10
1758486822752598954,2847,1703,127.51,10
1758486822752794171,2848,1727,127.51,6410
1758486822752801556,2848,2078,127.51,4070
1758486822752803911,2848,2084,127.51,1780
1758486822752807775,2848,2834,127.51,3830
1758486822753083591,2850,2138,127.51,10
1758486822753528768,2853,2156,127.51,10
1758486822753749226,2854,1322,127.51,1590
1758486822753752398,2854,1637,127.51,2420
1758486822753756768,2854,1703,127.51,1080
1758486822753761356,2854,2834,127.51,1880
1758486822754006570,2856,2138,127.51,10
1758486822754465772,2859,2156,127.51,10
1758486822754667854,2860,2834,127.51,4820
1758486822754670810,2860,2138,127.51,1650
1758486822754876458,2862,2156,127.51,10
1758486822755272054,2865,2138,127.51,10
1758486822755564254,2866,2156,127.51,910
1758486822755567111,2866,2138,127.51,5450
1758486822755570978,2866,23,127.52,9930
1758486822755577337,2866,29,127.52,70
1758486822755782293,2868,35,127.52,10
1758486822756177635,2871,41,127.52,10
1758486822756377585,2872,53,127.52,11590
1758486822756381972,2872,65,127.52,750
1758486822756589073,2874,71,127.52,10
1758486822757112946,2877,77,127.52,10
1758486822757322766,2878,83,127.52,7960
1758486822757528879,2880,1265,127.52,10
1758486822758235480,2883,1271,127.52,10
1758486822758471687,2884,1277,127.52,8130
1758486822758476050,2884,1283,127.52,1160
1758486822758708708,2886,1289,127.52,10
1758486822759188034,2889,1301,127.52,10
1758486822759519072,2890,1307,127.52,6420
1758486822759525106,2890,1313,127.52,11670
1758486822759838367,2892,1319,127.52,10
1758486822760596234,2896,1331,127.52,6980
1758486822760601070,2896,1343,127.52,10190
1758486822760866619,2898,1349,127.52,10
1758486822761582814,2902,1355,127.52,10400
1758486822761587595,2902,1361,127.52,4880
1758486822761833098,2904,1367,127.52,10
1758486822766327810,2908,1373,127.52,8270
1758486822766331155,2908,1379,127.52,4130
1758486822766566752,2910,1385,127.52,10
1758486822767243161,2914,1391,127.52,12880
1758486822767473940,2916,1397,127.52,10
1758486822768373063,2922,1403,127.52,10
1758486822769527014,2928,1409,127.52,10
1758486822770211101,2932,1421,127.52,7300
1758486822770217221,2932,1427,127.52,1730
1758486822770532581,2934,1433,127.52,10
1758486822771156758,2938,1439,127.52,15240
1758486822771160067,2938,1445,127.52,1310
1758486822771376783,2940,1451,127.52,10
1758486822772192929,2944,1457,127.52,8800
1758486822772423926,2946,1463,127.52,10
1758486822773185042,2950,1469,127.52,9010
1758486822773417141,2952,1475,127.52,10
1758486822774040827,2956,1493,127.52,14760
1758486822774046453,2956,1499,127.52,90
1758486822774468757,2958,1505,127.52,10
1758486822775013058,2962,1511,127.52,6930
1758486822775018142,2962,1529,127.52,4500
1758486822775213023,2964,1535,127.52,10
1758486822775904730,2967,1709,127.52,10
1758486822776062868,2968,1793,127.52,14390
1758486822776065370,2968,1799,127.52,3690
1758486822776265851,2970,1805,127.52,10
1758486822803444183,2973,1817,127.52,10
1758486822803703290,2974,1823,127.52,7430
1758486822803961639,2976,1829,127.52,10
1758486822804694287,2980,1835,127.52,12770
1758486822804967373,2982,1841,127.52,10
1758486822805706056,2986,1847,127.52,17610
1758486822805710717,2986,1853,127.52,300
1758486822805995436,2988,1859,127.52,10
1758486822806917279,2992,1865,127.52,17660
1758486822806923151,2992,1886,127.52,70
1758486822807214899,2994,1892,127.52,10
1758486822808006808,2998,1898,127.52,8290
1758486822808255106,3000,1904,127.52,10
1758486822808961728,3004,1910,127.52,9330
1758486822808966756,3004,1916,127.52,1610
1758486822810569766,3006,1922,127.52,10
1758486822811034483,3009,1928,127.52,10
1758486822811262308,3010,1934,127.52,8020
1758486822811266717,3010,1946,127.52,6110
1758486822811514156,3012,1952,127.52,10
1758486822812326182,3016,1958,127.52,8320
1758486822812545155,3018,2000,127.52,10
1758486822813419348,3022,2018,127.52,9420
1758486822813421860,3022,2024,127.52,7110
1758486822813425885,3022,2036,127.52,2010
1758486822813626217,3024,2042,127.52,10
1758486822814210606,3028,2048,127.52,9510
1758486822814213135,3028,2054,127.52,8350
1758486822814664553,3030,2060,127.52,10
1758486822815284271,3034,2066,127.52,8420
1758486822815505860,3036,2072,127.52,10
1758486822816312948,3040,2114,127.52,7840
1758486822816542206,3042,2120,127.52,10
1758486822817497863,3048,2126,127.52,10
1758486822818433150,3054,2168,127.52,10
1758486822819358741,3060,2174,127.52,10
1758486822820674013,3066,2180,127.52,10
1758486822821718802,3072,2186,127.52,10
1758486822822666353,3078,2192,127.52,10
1758486822823589572,3084,2198,127.52,10
1758486822824653763,3090,2204,127.52,10
1758486822825673679,3096,2210,127.52,10
1758486822826531609,3102,2216,127.52,10
1758486822827540715,3108,2222,127.52,10
1758486822831399951,3114,2228,127.52,10
1758486822832228894,3120,2234,127.52,10
1758486822874479836,3126,2756,127.52,10
1758486822876178511,3132,2828,127.52,10
1758486822876838305,2869,3134,127.51,12340
1758486822876846828,2875,3134,127.51,5460
1758486822879958898,3144,2840,127.52,10
1758486822880611144,2881,3146,127.51,7220
1758486822882005186,2887,3152,127.51,17790
1758486822883227996,2895,3158,127.5,10
1758486822883234518,2901,3158,127.5,10
1758486822883240311,2907,3158,127.5,10
1758486822883246098,2913,3158,127.5,10
1758486822883251593,2920,3158,127.5,18370
1758486822884577040,2926,3164,127.5,7290
1758486822885829319,2931,3170,127.5,10
1758486822885834857,2937,3170,127.5,10
1758486822885840329,2943,3170,127.5,10
1758486822885845956,2949,3170,127.5,10
1758486822885851271,2955,3170,127.5,10
1758486822885856574,2961,3170,127.5,10
1758486822885861939,2965,3170,127.5,12970
1758486822887145670,2971,3176,127.5,7430
1758486822887151781,2979,3176,127.5,10
1758486822887157000,2985,3176,127.5,10
1758486822887162430,2991,3176,127.5,10
1758486822887168453,2997,3176,127.5,10
1758486822887174199,3003,3176,127.5,10
1758486822887179538,3007,3176,127.5,2660
1758486822888457887,3015,3182,127.5,10
1758486822888478337,3021,3182,127.5,10
1758486822888484192,3027,3182,127.5,10
1758486822888489956,3033,3182,127.5,10
1758486822888496051,3039,3182,127.5,10
1758486822888502869,3046,3182,127.5,7390
1758486822888508263,3052,3182,127.5,3830
1758486822889768413,3058,3188,127.5,8580
1758486822891677444,3064,3194,127.5,11570
1758486822891681014,3070,3194,127.5,2040
1758486822892579768,3076,3200,127.49,13880
1758486822892583280,3082,3200,127.49,4530
1758486822892980354,3088,3203,127.51,9170
1758486822892984292,3094,3203,127.51,9240
1758486822893478808,3100,3206,127.49,12660
1758486822894084605,3106,3209,127.51,12660
1758486822894545243,3112,3212,127.49,6560
1758486822894549294,3118,3212,127.49,800
1758486822895216187,3124,3215,127.51,7360
1758486822895863959,3130,3218,127.49,9790
1758486822895869173,2875,3218,127.49,2500
1758486822895873794,3138,3218,127.49,10
1758486822895879838,3142,3218,127.49,1840
1758486822896452127,2881,3221,127.51,2070
1758486822896457415,3150,3221,127.51,10
1758486822896462019,2887,3221,127.51,300
1758486822896466723,3156,3221,127.51,10
1758486822896472034,2920,3221,127.51,260
1758486822896476592,2926,3221,127.51,11220
1758486822896481271,2965,3221,127.51,270
1758486822897186178,3007,3224,127.49,10610
1758486822897670667,3052,3227,127.51,10610
1758486822898163287,3058,3230,127.49,180
1758486822898168509,3070,3230,127.49,9940
1758486822898172297,3082,3230,127.49,2690
1758486822898175904,3094,3230,127.49,4310
1758486822898636375,3100,3233,127.51,5120
1758486822898640661,3106,3233,127.51,3520
1758486822898644846,3118,3233,127.51,8480
1758486822899124192,3124,3236,127.49,6880
1758486822899128861,3142,3236,127.49,4920
1758486822899601761,2965,3239,127.51,4840
1758486822899605521,3007,3239,127.51,860
1758486822899609322,3052,3239,127.51,3360
1758486822899613500,3094,3239,127.51,2740
1758486822900049799,3118,3242,127.49,1160
1758486822900054006,3142,3242,127.49,7560
1758486822900057863,3094,3242,127.49,30
1758486822900516802,3094,3245,127.51,1760
1758486822900521021,2919,3245,127.51,10
1758486822900525098,2925,3245,127.51,10
1758486822900528761,3045,3245,127.51,10
1758486822900532975,3051,3245,127.51,10
1758486822900536601,3057,3245,127.51,10
1758486822900540376,3063,3245,127.51,10
1758486822900544177,3069,3245,127.51,10
1758486822900548206,3075,3245,127.51,10
1758486822900551907,3081,3245,127.51,10
1758486822900556087,3087,3245,127.51,10
1758486822900559726,3093,3245,127.51,10
1758486822900563291,3099,3245,127.51,10
1758486822900566924,3105,3245,127.51,10
1758486822900570733,3111,3245,127.51,10
1758486822900574702,3117,3245,127.51,10
1758486822900578824,3123,3245,127.51,10
1758486822900582616,3129,3245,127.51,10
1758486822900586384,3141,3245,127.51,10
1758486822900590208,3162,3245,127.51,10
1758486822900592997,3168,3245,127.51,10
1758486822900596678,3174,3245,127.51,10
1758486822900599435,3180,3245,127.51,10
1758486822900603202,3186,3245,127.51,10
1758486822900607141,3192,3245,127.51,10
1758486822900610712,3198,3245,127.51,10
1758486822901043419,2695,3248,127.49,8720
1758486822902505624,2701,3254,127.49,16020
1758486822903311937,2713,3260,127.49,9660
1758486822904265087,2725,3266,127.48,16000
1758486822904830074,2731,3269,127.5,10140
1758486822904833044,2737,3269,127.5,5860
1758486822905247446,2743,3272,127.48,8910
1758486822905659383,2749,3275,127.5,8910
1758486822935190966,2761,3278,127.48,10370
1758486822935966806,2767,3281,127.5,10260
1758486822935975955,2773,3281,127.5,110
1758486822936847190,2779,3284,127.48,12190
1758486822937747001,2785,3287,127.5,7030
1758486822937754288,2791,3287,127.5,5160
1758486822938613628,2797,3290,127.48,9080
1758486822938621040,2803,3290,127.48,9140
1758486822939482356,2809,3293,127.5,11780
1758486822939489767,2815,3293,127.5,6440
1758486822940311948,2821,3296,127.48,15650
1758486822940319274,2836,3296,127.48,2430
1758486822941148838,2857,3299,127.5,6470
1758486822941155949,2863,3299,127.5,11610
1758486822942010870,2893,3302,127.48,8920
1758486822942861197,2899,3305,127.5,8920
1758486822943453129,2905,3308,127.48,10830
1758486822944028303,2911,3311,127.5,10830
1758486822944572020,2929,3314,127.49,8200
1758486822945641924,2935,3320,127.49,12750
1758486822946774176,2941,3326,127.49,8800
1758486822946779657,2947,3326,127.49,3330
1758486822947873734,2953,3332,127.49,14850
1758486822947878763,2959,3332,127.49,2840
1758486822948947031,2977,3338,127.49,12770
1758486822948951858,2983,3338,127.49,5290
1758486822950028639,2989,3344,127.48,11150
1758486822950559815,2995,3347,127.5,8290
1758486822950565133,3001,3347,127.5,2860
1758486822951121174,3013,3350,127.49,8320
1758486822951126627,3019,3350,127.49,4200
1758486822952249221,3025,3356,127.48,17630
1758486822952752412,3031,3359,127.5,8420
1758486822952756009,3037,3359,127.5,7840
1758486822952760081,3136,3359,127.5,1370
1758486822953168279,3148,3362,127.49,7220
1758486822953172835,3154,3362,127.49,9280
1758486822953985389,2695,3368,127.49,6360
1758486822955042640,2701,3374,127.5,2150
1758486822955045162,2713,3374,127.5,7390
1758486822955048658,2725,3374,127.5,740
1758486822955051933,2737,3374,127.5,70
1758486822955577648,3378,3245,127.51,10
1758486822955941067,2743,3380,127.49,1400
1758486822955945748,2749,3380,127.49,3300
1758486822955951142,2761,3380,127.49,6940
1758486822957236553,2773,3386,127.5,7440
1758486822957240623,2779,3386,127.5,770
1758486822957245544,2791,3386,127.5,1000
1758486822957865381,3390,3251,127.51,10
1758486822958222751,2803,3392,127.5,3040
1758486822958226049,2815,3392,127.5,5790
1758486822958842126,3396,3257,127.51,10
1758486822959315723,2836,3398,127.49,6790
1758486822960362907,2863,3404,127.49,4750
1758486822960367576,2893,3404,127.49,8250
1758486822960372403,2899,3404,127.49,1440
1758486822961651462,2905,3410,127.48,1570
1758486822961654147,2911,3410,127.48,2050
1758486822961661384,2929,3410,127.48,830
1758486822961664742,2935,3410,127.48,3800
1758486822961668385,2947,3410,127.48,1380
1758486822962048066,2959,3413,127.5,8590
1758486822962050628,2983,3413,127.5,1040
1758486822962422068,2989,3416,127.48,6580
1758486822962425671,3001,3416,127.48,390
1758486822962791681,3019,3419,127.5,6970
1758486822963200420,3025,3422,127.48,230
1758486822963204539,3136,3422,127.48,9000
1758486822963642875,3154,3425,127.5,8510
1758486822963646663,2695,3425,127.5,720
1758486822993316779,2737,3428,127.49,5410
1758486822993323442,2761,3428,127.49,1150
1758486822993329032,2791,3428,127.49,1550
1758486822993334381,2815,3428,127.49,4180
1758486822993339956,2836,3428,127.49,1310
1758486822993345834,2899,3428,127.49,2840
1758486822995056908,2947,3434,127.49,4300
1758486822995064541,2983,3434,127.49,11580
1758486822995071763,3001,3434,127.49,1180
1758486822996772623,3019,3440,127.49,7370
1758486822996779789,3136,3440,127.49,5040
1758486822998413900,2695,3446,127.49,1560
1758486822998421406,2899,3446,127.49,2080
1758486822998428208,3001,3446,127.49,6510
1758486822998435214,3136,3446,127.49,1420
1758486823000079550,3136,3452,127.48,970
1758486823000087566,2755,3452,127.48,9920
1758486823000094428,2827,3452,127.48,7770
1758486823001838194,2835,3455,127.5,10
1758486823001845151,2839,3455,127.5,10310
1758486823001851615,2845,3455,127.5,8340
1758486823002637173,2851,3458,127.48,6970
1758486823002644035,2917,3458,127.48,1870
1758486823003346317,2923,3461,127.5,8840
1758486823003890058,3043,3464,127.48,7390
1758486823003896650,3049,3464,127.48,1640
1758486823004498161,3055,3467,127.5,8760
1758486823004503155,3061,3467,127.5,270
1758486823005044382,3067,3470,127.48,10000
1758486823005595994,3073,3473,127.5,10000
1758486823006100017,3079,3476,127.48,7220
1758486823006105092,3085,3476,127.48,1270
1758486823006636078,3091,3479,127.5,8490
1758486823007141700,3097,3482,127.49,11100
1758486823012869338,3103,3488,127.48,16180
1758486823012874211,3109,3488,127.48,1630
1758486823013437652,3115,3491,127.5,10440
1758486823013442915,3121,3491,127.5,7370
1758486823013957915,3127,3494,127.49,9790
1758486823013963162,3135,3494,127.49,10
1758486823013968295,3139,3494,127.49,4280
1758486823015096672,3147,3500,127.49,10
1758486823015103157,3153,3500,127.49,10
1758486823015107964,3160,3500,127.49,11490
1758486823016528724,3166,3506,127.49,7290
1758486823016533755,3172,3506,127.49,10820
1758486823017587769,3178,3512,127.5,6920
1758486823018272538,3516,3263,127.51,10
1758486823018646630,3184,3518,127.49,8970
1758486823020239911,3190,3524,127.49,8580
1758486823020244780,3196,3524,127.49,4880
1758486823021363350,3204,3530,127.49,10
1758486823021368765,3210,3530,127.49,10
1758486823021373672,3216,3530,127.49,10
1758486823021379537,3222,3530,127.49,10
1758486823021384809,3228,3530,127.49,10
1758486823021394249,3234,3530,127.49,10
1758486823021399967,3240,3530,127.49,10
1758486823021407444,3246,3530,127.49,10
1758486823021413685,3252,3530,127.49,10
1758486823021420389,3258,3530,127.49,10
1758486823021425011,3264,3530,127.49,10
1758486823021429753,3318,3530,127.49,10
1758486823021434495,3324,3530,127.49,10
1758486823021439205,3330,3530,127.49,10
1758486823021444502,3336,3530,127.49,10
1758486823021451211,3342,3530,127.49,10
1758486823021454729,3354,3530,127.49,10
1758486823021460142,3366,3530,127.49,10
1758486823021463425,3372,3530,127.49,10
1758486823021468075,3376,3530,127.49,10350
1758486823021473242,3384,3530,127.49,10
1758486823021476698,3388,3530,127.49,3530
1758486823022579432,3394,3536,127.49,6810
1758486823024023370,3402,3542,127.49,10
1758486823024026794,3408,3542,127.49,10
1758486823024031443,3432,3542,127.49,10
1758486823024034639,3438,3542,127.49,10
1758486823024039081,3444,3542,127.49,10
1758486823024042216,3450,3542,127.49,10
1758486823024046781,2827,3542,127.49,3920
1758486823024049811,2845,3542,127.49,7420
1758486823025159573,2917,3548,127.49,14510
1758486823026031113,2923,3554,127.49,9670
1758486823026035282,3049,3554,127.49,5460
1758486823027372343,3061,3560,127.49,11300
1758486823027376771,3067,3560,127.49,1980
1758486823027381024,3073,3560,127.49,1090
1758486823028696893,3085,3566,127.5,7900
1758486823028700819,3091,3566,127.5,2460
1758486823029236106,3570,3317,127.51,10
1758486823029995075,3097,3572,127.49,6680
1758486823029998537,3486,3572,127.49,10
1758486823030000963,3109,3572,127.49,800
1758486823030828679,3121,3578,127.49,6870
1758486823030832678,3139,3578,127.49,4830
1758486823047911454,3498,3584,127.49,10
1758486823047917239,3160,3584,127.49,6920
1758486823047921991,3504,3584,127.49,10
1758486823047926782,3172,3584,127.49,1000
1758486823049066267,3510,3590,127.49,10
1758486823049071517,3178,3590,127.49,3220
1758486823049076327,3514,3590,127.49,6920
1758486823049080950,3184,3590,127.49,2300
1758486823049085853,3522,3590,127.49,10
1758486823049090339,3196,3590,127.49,5820
1758486823050151636,3528,3596,127.49,10
1758486823050156701,3388,3596,127.49,5680
1758486823050162308,3534,3596,127.49,10
1758486823050166768,3394,3596,127.49,2020
1758486823050171804,3540,3596,127.49,10
1758486823050176264,2845,3596,127.49,330
1758486823050181531,3546,3596,127.49,10
1758486823050186379,2917,3596,127.49,2250
1758486823050191387,3552,3596,127.49,10
1758486823050195879,3049,3596,127.49,1980
1758486823051267957,3558,3602,127.49,10
1758486823051272879,3073,3602,127.49,2790
1758486823051277480,3564,3602,127.49,10
1758486823051282042,3091,3602,127.49,7130
1758486823051287101,3568,3602,127.49,380
1758486823052335615,3109,3608,127.49,4130
1758486823052340500,3576,3608,127.49,10
1758486823052345284,3139,3608,127.49,5210
1758486823052349626,3582,3608,127.49,10
1758486823052354260,3172,3608,127.49,1210
1758486823052358622,3588,3608,127.49,10
1758486823052363115,3196,3608,127.49,2910
1758486823052367641,3594,3608,127.49,10
1758486823052372294,3049,3608,127.49,2490
1758486823053389018,3600,3614,127.49,10
1758486823053397522,3568,3614,127.49,9980
1758486823053402070,3606,3614,127.49,10
1758486823053406578,3049,3614,127.49,2600
1758486823054385518,3612,3620,127.5,10
1758486823054393266,3049,3620,127.5,3630
1758486823054398059,3618,3620,127.5,10
1758486823054743857,3622,3620,127.5,6580
1758486823054968762,3624,3323,127.51,10
1758486823055284776,3622,3626,127.5,3650
1758486823055655619,3628,3626,127.5,12920
1758486823055879695,3630,3329,127.51,10
1758486823056905676,3636,3335,127.51,10
1758486823057326582,3634,3638,127.5,14810
1758486823058015472,3642,3341,127.51,10
1758486823058403664,3634,3644,127.5,2450
1758486823058407377,3628,3644,127.5,3650
1758486823058423212,3633,3644,127.5,10
1758486823058429040,3640,3644,127.5,790
1758486823061220028,3648,3353,127.51,10
1758486823061550110,3640,3650,127.49,13460
1758486823062494221,3646,3656,127.5,6900
1758486823062499604,3640,3656,127.5,560
1758486823062504246,3654,3656,127.5,10
1758486823062907872,3658,3656,127.5,8480
1758486823063185240,3660,3365,127.51,10
1758486823063563091,3658,3662,127.5,7470
1758486823064118350,3664,3662,127.5,560
1758486823064367587,3666,3371,127.51,10
1758486823064721443,3664,3668,127.5,7470
1758486823065084451,3670,3668,127.5,1730
1758486823065332142,3672,3245,127.51,10
1758486823065672437,3670,3674,127.5,7470
1758486823066011485,3676,3674,127.5,9990
1758486823066246448,3678,3383,127.51,10
1758486823066575895,3676,3680,127.5,6560
1758486823067203813,3684,3251,127.51,10
1758486823068300117,3690,3257,127.51,10
1758486823069175932,3696,3401,127.51,10
1758486823070485658,3702,3407,127.51,10
1758486823071568875,3708,3431,127.51,10
1758486823073161428,3714,3437,127.51,10
1758486823076096650,3720,3443,127.51,10
1758486823079030658,3726,3449,127.51,10
1758486823081957048,3732,3485,127.51,10
1758486823083408253,3735,3497,127.51,10
1758486823084105473,3736,3503,127.51,11510
1758486823084117904,3736,3509,127.51,3670
1758486823084901060,3738,3263,127.51,10
1758486823085844299,3741,3521,127.51,10
1758486823106161667,3742,3527,127.51,13460
1758486823106172271,3742,3533,127.51,4920
1758486823106843831,3744,3539,127.51,10
1758486823108024171,3747,3545,127.51,10
1758486823108575753,3748,3551,127.51,13020
1758486823109165018,3750,3557,127.51,10
1758486823110288560,3753,3563,127.51,10
1758486823110842001,3754,3317,127.51,8190
1758486823110850975,3754,3575,127.51,3170
1758486823111439064,3756,3581,127.51,10
1758486823112540333,3759,3587,127.51,10
1758486823113068145,3760,3593,127.51,18280
1758486823113077327,3760,3599,127.51,80
1758486823113693697,3762,3605,127.51,10
1758486823114842886,3765,3611,127.51,10
1758486823115386934,3766,3617,127.51,12600
1758486823115403158,3766,3323,127.51,1820
1758486823115825211,3768,3329,127.51,10
1758486823116458621,3771,3632,127.51,10
1758486823116745109,3772,3335,127.51,10080
1758486823117054325,3774,3341,127.51,10
1758486823117767505,3777,3353,127.51,10
1758486823118118191,3778,3653,127.51,7910
1758486823118459839,3780,3365,127.51,10
1758486823119085444,3783,3371,127.51,10
1758486823119408387,3784,3245,127.51,6720
1758486823119414360,3784,3383,127.51,10230
1758486823119772949,3786,3251,127.51,10
1758486823120408929,3789,3686,127.51,10
1758486823120689019,3790,3257,127.51,10880
1758486823121019453,3792,3692,127.51,10
1758486823121656690,3795,3401,127.51,10
1758486823121951354,3796,3698,127.51,11950
1758486823121956719,3796,3407,127.51,2700
1758486823122277643,3798,3704,127.51,10
1758486823122908791,3801,3431,127.51,10
1758486823123237880,3802,3710,127.51,12260
1758486823123563698,3804,3437,127.51,10
1758486823124198173,3807,3716,127.51,10
1758486823124519817,3808,3443,127.51,8820
1758486823124860079,3810,3722,127.51,10
1758486823125496817,3813,3449,127.51,10
1758486823125794555,3814,3728,127.51,13910
1758486823126123378,3816,3485,127.51,10
1758486823126690819,3819,3497,127.51,10
1758486823126985916,3820,3509,127.51,7080
1758486823127277745,3822,3263,127.51,10
1758486823127834404,3825,3521,127.51,10
1758486823129202974,3826,3533,127.51,9160
1758486823129207228,3826,3539,127.51,2370
1758486823129459481,3828,3545,127.51,10
1758486823130712295,3834,3551,127.51,10
1758486823131586057,3840,3557,127.51,10
1758486823132853043,3846,3563,127.51,10
1758486823134311303,3852,3575,127.51,10
1758486823135923307,3858,3581,127.51,10
1758486823136884774,3864,3587,127.51,10
1758486823137951630,3870,3599,127.51,10
1758486823139177325,3876,3605,127.51,10
1758486823139472086,3688,3878,127.5,15820
1758486823139474601,3694,3878,127.5,2300
1758486823140336163,3882,3611,127.51,10
1758486823140675012,3700,3884,127.5,11950
1758486823140678916,3706,3884,127.5,4910
1758486823141250541,3888,3323,127.51,10
1758486823141893495,3712,3890,127.5,16660
1758486823141897560,3718,3890,127.5,290
1758486823142426536,3894,3329,127.51,10
1758486823168503483,3724,3896,127.5,10140
1758486823169387248,3900,3632,127.51,10
1758486823169902417,3730,3902,127.5,11730
1758486823170806563,3906,3335,127.51,10
1758486823172198313,3912,3341,127.51,10
1758486823173553460,3918,3353,127.51,10
1758486823174042064,3745,3920,127.5,6700
1758486823174900836,3924,3653,127.51,10
1758486823176218673,3930,3365,127.51,10
1758486823177436960,3936,3371,127.51,10
1758486823178504430,3942,3383,127.51,10
1758486823179460937,3948,3251,127.51,10
1758486823180646343,3954,3686,127.51,10
1758486823181895998,3960,3257,127.51,10
1758486823183839452,3966,3692,127.51,10
1758486823185172969,3972,3401,127.51,10
1758486823186272835,3978,3407,127.51,10
1758486823187276179,3984,3704,127.51,10
1758486823188245353,3990,3431,127.51,10
1758486823189202497,3996,3710,127.51,10
1758486823190218450,4002,3437,127.51,10
1758486823191169470,4008,3716,127.51,10
1758486823191521882,3751,4010,127.5,10740
1758486823192099292,4014,3443,127.51,10
1758486823193070376,4020,3722,127.51,10
1758486823194083382,4026,3449,127.51,10
1758486823194453764,3775,4028,127.5,6310
1758486823195062515,4032,3728,127.51,10
1758486823195404429,3787,4034,127.5,9360
1758486823195979595,4038,3485,127.51,10
1758486823196309446,3793,4040,127.5,8940
1758486823196885444,4044,3497,127.51,10
1758486823197177910,3832,4046,127.49,9470
1758486823228031864,3838,4052,127.49,11820
1758486823228042855,3844,4052,127.49,4670
1758486823230267173,3850,4058,127.49,9840
1758486823232407437,3856,4064,127.49,8730
1758486823234538152,3862,4070,127.5,6800
