ts_ns,side,price,qty
1758411731065595796,BUY,127.51,5014
1758411731065696778,BUY,127.51,5014
1758411731065696778,SELL,127.53,5014
1758411731066066916,BUY,127.52,10
1758411731066066916,BUY,127.51,5014
1758411731066066916,SELL,127.53,5014
1758411731066139200,BUY,127.52,10
1758411731066139200,BUY,127.51,5014
1758411731066139200,SELL,127.53,5014
1758411731066227726,BUY,127.52,10
1758411731066227726,BUY,127.51,5014
1758411731066227726,BUY,127.492,4960
1758411731066227726,SELL,127.53,5014
1758411731066349647,BUY,127.51,5014
1758411731066349647,BUY,127.492,4960
1758411731066349647,SELL,127.512,4950
1758411731066349647,SELL,127.53,5014
1758411731066470781,BUY,127.51,5014
1758411731066470781,BUY,127.502,10
1758411731066470781,BUY,127.492,4960
1758411731066470781,SELL,127.512,4950
1758411731066470781,SELL,127.53,5014
1758411731066530480,BUY,127.51,5014
1758411731066530480,BUY,127.502,10
1758411731066530480,BUY,127.492,4960
1758411731066530480,SELL,127.512,4950
1758411731066530480,SELL,127.53,5014
1758411731066597393,BUY,127.51,5014
1758411731066597393,BUY,127.502,10
1758411731066597393,BUY,127.492,4960
1758411731066597393,BUY,127.44,5005
1758411731066597393,SELL,127.512,4950
1758411731066597393,SELL,127.53,5014
1758411731066676569,BUY,127.51,9
1758411731066676569,BUY,127.502,10
1758411731066676569,BUY,127.492,4960
1758411731066676569,BUY,127.44,5005
1758411731066676569,SELL,127.512,4950
1758411731066676569,SELL,127.53,5014
1758411731066786907,BUY,127.51,9
1758411731066786907,BUY,127.502,10
1758411731066786907,BUY,127.492,4960
1758411731066786907,BUY,127.45,10
1758411731066786907,BUY,127.44,5005
1758411731066786907,SELL,127.512,4950
1758411731066786907,SELL,127.53,5014
1758411731066842522,BUY,127.51,9
1758411731066842522,BUY,127.502,10
1758411731066842522,BUY,127.492,4960
1758411731066842522,BUY,127.45,10
1758411731066842522,BUY,127.44,5005
1758411731066842522,SELL,127.512,4950
1758411731066842522,SELL,127.53,5014
1758411731066921678,BUY,127.51,9
1758411731066921678,BUY,127.502,10
1758411731066921678,BUY,127.497,4981
1758411731066921678,BUY,127.492,4960
1758411731066921678,BUY,127.45,10
1758411731066921678,BUY,127.44,5005
1758411731066921678,SELL,127.512,4950
1758411731066921678,SELL,127.53,5014
1758411731067012164,BUY,127.51,9
1758411731067012164,BUY,127.502,10
1758411731067012164,BUY,127.497,4981
1758411731067012164,BUY,127.492,4960
1758411731067012164,BUY,127.45,10
1758411731067012164,BUY,127.44,5005
1758411731067012164,SELL,127.512,4950
1758411731067012164,SELL,127.517,4981
1758411731067012164,SELL,127.53,5014
1758411731067108487,BUY,127.51,9
1758411731067108487,BUY,127.507,10
1758411731067108487,BUY,127.502,10
1758411731067108487,BUY,127.497,4981
1758411731067108487,BUY,127.492,4960
1758411731067108487,BUY,127.45,10
1758411731067108487,BUY,127.44,5005
1758411731067108487,SELL,127.512,4950
1758411731067108487,SELL,127.517,4981
1758411731067108487,SELL,127.53,5014
1758411731067178493,BUY,127.51,9
1758411731067178493,BUY,127.507,10
1758411731067178493,BUY,127.502,10
1758411731067178493,BUY,127.497,4981
1758411731067178493,BUY,127.492,4960
1758411731067178493,BUY,127.45,10
1758411731067178493,BUY,127.44,5005
1758411731067178493,SELL,127.512,4950
1758411731067178493,SELL,127.517,4981
1758411731067178493,SELL,127.53,5014
1758411731067263360,BUY,127.51,9
1758411731067263360,BUY,127.507,10
1758411731067263360,BUY,127.502,10
1758411731067263360,BUY,127.497,4981
1758411731067263360,BUY,127.492,4960
1758411731067263360,BUY,127.45,10
1758411731067263360,BUY,127.44,5005
1758411731067263360,BUY,127.408,5066
1758411731067263360,SELL,127.512,4950
1758411731067263360,SELL,127.517,4981
1758411731067263360,SELL,127.53,5014
1758411731067404044,BUY,127.492,4904
1758411731067404044,BUY,127.45,10
1758411731067404044,BUY,127.44,5005
1758411731067404044,BUY,127.408,5066
1758411731067404044,SELL,127.512,4950
1758411731067404044,SELL,127.517,4981
1758411731067404044,SELL,127.53,5014
1758411731067488371,BUY,127.492,4904
1758411731067488371,BUY,127.45,10
1758411731067488371,BUY,127.44,5005
1758411731067488371,BUY,127.418,10
1758411731067488371,BUY,127.408,5066
1758411731067488371,SELL,127.512,4950
1758411731067488371,SELL,127.517,4981
1758411731067488371,SELL,127.53,5014
1758411731067554402,BUY,127.492,4904
1758411731067554402,BUY,127.45,10
1758411731067554402,BUY,127.44,5005
1758411731067554402,BUY,127.418,10
1758411731067554402,BUY,127.408,5066
1758411731067554402,SELL,127.512,4950
1758411731067554402,SELL,127.517,4981
1758411731067554402,SELL,127.53,5014
1758411731067622036,BUY,127.492,4904
1758411731067622036,BUY,127.465,4831
1758411731067622036,BUY,127.45,10
1758411731067622036,BUY,127.44,5005
1758411731067622036,BUY,127.418,10
1758411731067622036,BUY,127.408,5066
1758411731067622036,SELL,127.512,4950
1758411731067622036,SELL,127.517,4981
1758411731067622036,SELL,127.53,5014
1758411731067699905,BUY,127.492,73
1758411731067699905,BUY,127.465,4831
1758411731067699905,BUY,127.45,10
1758411731067699905,BUY,127.44,5005
1758411731067699905,BUY,127.418,10
1758411731067699905,BUY,127.408,5066
1758411731067699905,SELL,127.512,4950
1758411731067699905,SELL,127.517,4981
1758411731067699905,SELL,127.53,5014
1758411731067800578,BUY,127.492,73
1758411731067800578,BUY,127.475,10
1758411731067800578,BUY,127.465,4831
1758411731067800578,BUY,127.45,10
1758411731067800578,BUY,127.44,5005
1758411731067800578,BUY,127.418,10
1758411731067800578,BUY,127.408,5066
1758411731067800578,SELL,127.512,4950
1758411731067800578,SELL,127.517,4981
1758411731067800578,SELL,127.53,5014
1758411731067878416,BUY,127.492,73
1758411731067878416,BUY,127.475,10
1758411731067878416,BUY,127.465,4831
1758411731067878416,BUY,127.45,10
1758411731067878416,BUY,127.44,5005
1758411731067878416,BUY,127.418,10
1758411731067878416,BUY,127.408,5066
1758411731067878416,SELL,127.512,4950
1758411731067878416,SELL,127.517,4981
1758411731067878416,SELL,127.53,5014
1758411731067959371,BUY,127.492,73
1758411731067959371,BUY,127.475,10
1758411731067959371,BUY,127.465,4831
1758411731067959371,BUY,127.46,5057
1758411731067959371,BUY,127.45,10
1758411731067959371,BUY,127.44,5005
1758411731067959371,BUY,127.418,10
1758411731067959371,BUY,127.408,5066
1758411731067959371,SELL,127.512,4950
1758411731067959371,SELL,127.517,4981
1758411731067959371,SELL,127.53,5014
1758411731068054173,BUY,127.475,10
1758411731068054173,BUY,127.465,4831
1758411731068054173,BUY,127.46,5057
1758411731068054173,BUY,127.45,10
1758411731068054173,BUY,127.44,5005
1758411731068054173,BUY,127.418,10
1758411731068054173,BUY,127.408,5066
1758411731068054173,SELL,127.48,4984
1758411731068054173,SELL,127.512,4950
1758411731068054173,SELL,127.517,4981
1758411731068054173,SELL,127.53,5014
1758411731068162630,BUY,127.475,10
1758411731068162630,BUY,127.47,10
1758411731068162630,BUY,127.465,4831
1758411731068162630,BUY,127.46,5057
1758411731068162630,BUY,127.45,10
1758411731068162630,BUY,127.44,5005
1758411731068162630,BUY,127.418,10
1758411731068162630,BUY,127.408,5066
1758411731068162630,SELL,127.48,4984
1758411731068162630,SELL,127.512,4950
1758411731068162630,SELL,127.517,4981
1758411731068162630,SELL,127.53,5014
1758411731068253150,BUY,127.475,10
1758411731068253150,BUY,127.47,10
1758411731068253150,BUY,127.465,4831
1758411731068253150,BUY,127.46,5057
1758411731068253150,BUY,127.45,10
1758411731068253150,BUY,127.44,5005
1758411731068253150,BUY,127.418,10
1758411731068253150,BUY,127.408,5066
1758411731068253150,SELL,127.48,4984
1758411731068253150,SELL,127.512,4950
1758411731068253150,SELL,127.517,4981
1758411731068253150,SELL,127.53,5014
1758411731068362466,BUY,127.475,10
1758411731068362466,BUY,127.47,10
1758411731068362466,BUY,127.465,4831
1758411731068362466,BUY,127.46,5057
1758411731068362466,BUY,127.45,10
1758411731068362466,BUY,127.44,5005
1758411731068362466,BUY,127.418,10
1758411731068362466,BUY,127.408,5066
1758411731068362466,SELL,127.512,4889
1758411731068362466,SELL,127.517,4981
1758411731068362466,SELL,127.53,5014
1758411731068457433,BUY,127.475,10
1758411731068457433,BUY,127.47,10
1758411731068457433,BUY,127.465,4831
1758411731068457433,BUY,127.46,5057
1758411731068457433,BUY,127.45,10
1758411731068457433,BUY,127.44,5005
1758411731068457433,BUY,127.418,10
1758411731068457433,BUY,127.408,5066
1758411731068457433,SELL,127.512,4889
1758411731068457433,SELL,127.517,4981
1758411731068457433,SELL,127.53,5014
1758411731068457433,SELL,127.546,5045
1758411731068616778,BUY,127.475,10
1758411731068616778,BUY,127.47,10
1758411731068616778,BUY,127.465,4831
1758411731068616778,BUY,127.46,5057
1758411731068616778,BUY,127.45,10
1758411731068616778,BUY,127.44,5005
1758411731068616778,BUY,127.418,10
1758411731068616778,BUY,127.408,5066
1758411731068616778,SELL,127.512,4879
1758411731068616778,SELL,127.517,4981
1758411731068616778,SELL,127.53,5014
1758411731068616778,SELL,127.546,5045
1758411731068694092,BUY,127.475,10
1758411731068694092,BUY,127.47,10
1758411731068694092,BUY,127.465,4831
1758411731068694092,BUY,127.46,5057
1758411731068694092,BUY,127.45,10
1758411731068694092,BUY,127.44,5005
1758411731068694092,BUY,127.418,10
1758411731068694092,BUY,127.408,5066
1758411731068694092,SELL,127.512,4879
1758411731068694092,SELL,127.517,4981
1758411731068694092,SELL,127.53,5014
1758411731068694092,SELL,127.546,5045
1758411731068788536,BUY,127.475,10
1758411731068788536,BUY,127.47,10
1758411731068788536,BUY,127.468,4916
1758411731068788536,BUY,127.465,4831
1758411731068788536,BUY,127.46,5057
1758411731068788536,BUY,127.45,10
1758411731068788536,BUY,127.44,5005
1758411731068788536,BUY,127.418,10
1758411731068788536,BUY,127.408,5066
1758411731068788536,SELL,127.512,4879
1758411731068788536,SELL,127.517,4981
1758411731068788536,SELL,127.53,5014
1758411731068788536,SELL,127.546,5045
1758411731068885019,BUY,127.475,10
1758411731068885019,BUY,127.47,10
1758411731068885019,BUY,127.468,4916
1758411731068885019,BUY,127.465,4831
1758411731068885019,BUY,127.46,5057
1758411731068885019,BUY,127.45,10
1758411731068885019,BUY,127.44,5005
1758411731068885019,BUY,127.418,10
1758411731068885019,BUY,127.408,5066
1758411731068885019,SELL,127.488,4916
1758411731068885019,SELL,127.512,4879
1758411731068885019,SELL,127.517,4981
1758411731068885019,SELL,127.53,5014
1758411731068885019,SELL,127.546,5045
1758411731069018376,BUY,127.478,10
1758411731069018376,BUY,127.475,10
1758411731069018376,BUY,127.47,10
1758411731069018376,BUY,127.468,4916
1758411731069018376,BUY,127.465,4831
1758411731069018376,BUY,127.46,5057
1758411731069018376,BUY,127.45,10
1758411731069018376,BUY,127.44,5005
1758411731069018376,BUY,127.418,10
1758411731069018376,BUY,127.408,5066
1758411731069018376,SELL,127.488,4916
1758411731069018376,SELL,127.512,4879
1758411731069018376,SELL,127.517,4981
1758411731069018376,SELL,127.53,5014
1758411731069018376,SELL,127.546,5045
1758411731069125679,BUY,127.478,10
1758411731069125679,BUY,127.475,10
1758411731069125679,BUY,127.47,10
1758411731069125679,BUY,127.468,4916
1758411731069125679,BUY,127.465,4831
1758411731069125679,BUY,127.46,5057
1758411731069125679,BUY,127.45,10
1758411731069125679,BUY,127.44,5005
1758411731069125679,BUY,127.418,10
1758411731069125679,BUY,127.408,5066
1758411731069125679,SELL,127.488,4916
1758411731069125679,SELL,127.512,4879
1758411731069125679,SELL,127.517,4981
1758411731069125679,SELL,127.53,5014
1758411731069125679,SELL,127.546,5045
1758411731069233869,BUY,127.478,10
1758411731069233869,BUY,127.475,10
1758411731069233869,BUY,127.47,10
1758411731069233869,BUY,127.468,4916
1758411731069233869,BUY,127.465,4831
1758411731069233869,BUY,127.46,5057
1758411731069233869,BUY,127.453,5035
1758411731069233869,BUY,127.45,10
1758411731069233869,BUY,127.44,5005
1758411731069233869,BUY,127.418,10
1758411731069233869,BUY,127.408,5066
1758411731069233869,SELL,127.488,4916
1758411731069233869,SELL,127.512,4879
1758411731069233869,SELL,127.517,4981
1758411731069233869,SELL,127.53,5014
1758411731069233869,SELL,127.546,5045
1758411731069366274,BUY,127.47,10
1758411731069366274,BUY,127.468,4916
1758411731069366274,BUY,127.465,4831
1758411731069366274,BUY,127.46,5057
1758411731069366274,BUY,127.453,5035
1758411731069366274,BUY,127.45,10
1758411731069366274,BUY,127.44,5005
1758411731069366274,BUY,127.418,10
1758411731069366274,BUY,127.408,5066
1758411731069366274,SELL,127.473,5015
1758411731069366274,SELL,127.488,4916
1758411731069366274,SELL,127.512,4879
1758411731069366274,SELL,127.517,4981
1758411731069366274,SELL,127.53,5014
1758411731069366274,SELL,127.546,5045
1758411731069524101,BUY,127.47,10
1758411731069524101,BUY,127.468,4916
1758411731069524101,BUY,127.465,4831
1758411731069524101,BUY,127.463,10
1758411731069524101,BUY,127.46,5057
1758411731069524101,BUY,127.453,5035
1758411731069524101,BUY,127.45,10
1758411731069524101,BUY,127.44,5005
1758411731069524101,BUY,127.418,10
1758411731069524101,BUY,127.408,5066
1758411731069524101,SELL,127.473,5015
1758411731069524101,SELL,127.488,4916
1758411731069524101,SELL,127.512,4879
1758411731069524101,SELL,127.517,4981
1758411731069524101,SELL,127.53,5014
1758411731069524101,SELL,127.546,5045
1758411731069636307,BUY,127.47,10
1758411731069636307,BUY,127.468,4916
1758411731069636307,BUY,127.465,4831
1758411731069636307,BUY,127.463,10
1758411731069636307,BUY,127.46,5057
1758411731069636307,BUY,127.453,5035
1758411731069636307,BUY,127.45,10
1758411731069636307,BUY,127.44,5005
1758411731069636307,BUY,127.418,10
1758411731069636307,BUY,127.408,5066
1758411731069636307,SELL,127.473,5015
1758411731069636307,SELL,127.488,4916
1758411731069636307,SELL,127.512,4879
1758411731069636307,SELL,127.517,4981
1758411731069636307,SELL,127.53,5014
1758411731069636307,SELL,127.546,5045
1758411731069754969,BUY,127.47,10
1758411731069754969,BUY,127.468,4916
1758411731069754969,BUY,127.465,4831
1758411731069754969,BUY,127.463,10
1758411731069754969,BUY,127.46,5057
1758411731069754969,BUY,127.46,5046
1758411731069754969,BUY,127.453,5035
1758411731069754969,BUY,127.45,10
1758411731069754969,BUY,127.44,5005
1758411731069754969,BUY,127.418,10
1758411731069754969,BUY,127.408,5066
1758411731069754969,SELL,127.473,5015
1758411731069754969,SELL,127.488,4916
1758411731069754969,SELL,127.512,4879
1758411731069754969,SELL,127.517,4981
1758411731069754969,SELL,127.53,5014
1758411731069754969,SELL,127.546,5045
1758411731069876467,BUY,127.47,10
1758411731069876467,BUY,127.468,4916
1758411731069876467,BUY,127.465,4831
1758411731069876467,BUY,127.463,10
1758411731069876467,BUY,127.46,5057
1758411731069876467,BUY,127.46,5046
1758411731069876467,BUY,127.453,5035
1758411731069876467,BUY,127.45,10
1758411731069876467,BUY,127.44,5005
1758411731069876467,BUY,127.418,10
1758411731069876467,BUY,127.408,5066
1758411731069876467,SELL,127.473,5015
1758411731069876467,SELL,127.48,5046
1758411731069876467,SELL,127.488,4916
1758411731069876467,SELL,127.512,4879
1758411731069876467,SELL,127.517,4981
1758411731069876467,SELL,127.53,5014
1758411731069876467,SELL,127.546,5045
1758411731070034048,BUY,127.47,10
1758411731070034048,BUY,127.47,10
1758411731070034048,BUY,127.468,4916
1758411731070034048,BUY,127.465,4831
1758411731070034048,BUY,127.463,10
1758411731070034048,BUY,127.46,5057
1758411731070034048,BUY,127.46,5046
1758411731070034048,BUY,127.453,5035
1758411731070034048,BUY,127.45,10
1758411731070034048,BUY,127.44,5005
1758411731070034048,BUY,127.418,10
1758411731070034048,BUY,127.408,5066
1758411731070034048,SELL,127.473,5015
1758411731070034048,SELL,127.48,5046
1758411731070034048,SELL,127.488,4916
1758411731070034048,SELL,127.512,4879
1758411731070034048,SELL,127.517,4981
1758411731070034048,SELL,127.53,5014
1758411731070034048,SELL,127.546,5045
1758411731070161605,BUY,127.47,10
1758411731070161605,BUY,127.47,10
1758411731070161605,BUY,127.468,4916
1758411731070161605,BUY,127.465,4831
1758411731070161605,BUY,127.463,10
1758411731070161605,BUY,127.46,5057
1758411731070161605,BUY,127.46,5046
1758411731070161605,BUY,127.453,5035
1758411731070161605,BUY,127.45,10
1758411731070161605,BUY,127.44,5005
1758411731070161605,BUY,127.418,10
1758411731070161605,BUY,127.408,5066
1758411731070161605,SELL,127.473,5015
1758411731070161605,SELL,127.48,5046
1758411731070161605,SELL,127.488,4916
1758411731070161605,SELL,127.512,4879
1758411731070161605,SELL,127.517,4981
1758411731070161605,SELL,127.53,5014
1758411731070161605,SELL,127.546,5045
1758411731070314249,BUY,127.47,10
1758411731070314249,BUY,127.47,10
1758411731070314249,BUY,127.468,4916
1758411731070314249,BUY,127.465,4831
1758411731070314249,BUY,127.463,10
1758411731070314249,BUY,127.46,5057
1758411731070314249,BUY,127.46,5046
1758411731070314249,BUY,127.453,5035
1758411731070314249,BUY,127.45,10
1758411731070314249,BUY,127.44,5005
1758411731070314249,BUY,127.418,10
1758411731070314249,BUY,127.408,5066
1758411731070314249,SELL,127.48,4964
1758411731070314249,SELL,127.488,4916
1758411731070314249,SELL,127.512,4879
1758411731070314249,SELL,127.517,4981
1758411731070314249,SELL,127.53,5014
1758411731070314249,SELL,127.546,5045
1758411731070525481,BUY,127.47,10
1758411731070525481,BUY,127.47,10
1758411731070525481,BUY,127.468,4916
1758411731070525481,BUY,127.465,4831
1758411731070525481,BUY,127.463,10
1758411731070525481,BUY,127.46,5057
1758411731070525481,BUY,127.46,5046
1758411731070525481,BUY,127.453,5035
1758411731070525481,BUY,127.45,10
1758411731070525481,BUY,127.44,5005
1758411731070525481,BUY,127.418,10
1758411731070525481,BUY,127.408,5066
1758411731070525481,SELL,127.48,4964
1758411731070525481,SELL,127.488,4916
1758411731070525481,SELL,127.512,4879
1758411731070525481,SELL,127.517,4981
1758411731070525481,SELL,127.53,5014
1758411731070525481,SELL,127.536,5097
1758411731070525481,SELL,127.546,5045
1758411731070699183,BUY,127.47,10
1758411731070699183,BUY,127.47,10
1758411731070699183,BUY,127.468,4916
1758411731070699183,BUY,127.465,4831
1758411731070699183,BUY,127.463,10
1758411731070699183,BUY,127.46,5057
1758411731070699183,BUY,127.46,5046
1758411731070699183,BUY,127.453,5035
1758411731070699183,BUY,127.45,10
1758411731070699183,BUY,127.44,5005
1758411731070699183,BUY,127.418,10
1758411731070699183,BUY,127.408,5066
1758411731070699183,SELL,127.48,4954
1758411731070699183,SELL,127.488,4916
1758411731070699183,SELL,127.512,4879
1758411731070699183,SELL,127.517,4981
1758411731070699183,SELL,127.53,5014
1758411731070699183,SELL,127.536,5097
1758411731070699183,SELL,127.546,5045
1758411731070832635,BUY,127.47,10
1758411731070832635,BUY,127.47,10
1758411731070832635,BUY,127.468,4916
1758411731070832635,BUY,127.465,4831
1758411731070832635,BUY,127.463,10
1758411731070832635,BUY,127.46,5057
1758411731070832635,BUY,127.46,5046
1758411731070832635,BUY,127.453,5035
1758411731070832635,BUY,127.45,10
1758411731070832635,BUY,127.44,5005
1758411731070832635,BUY,127.418,10
1758411731070832635,BUY,127.408,5066
1758411731070832635,SELL,127.48,4954
1758411731070832635,SELL,127.488,4916
1758411731070832635,SELL,127.512,4879
1758411731070832635,SELL,127.517,4981
1758411731070832635,SELL,127.53,5014
1758411731070832635,SELL,127.536,5097
1758411731070832635,SELL,127.546,5045
1758411731070981204,BUY,127.47,10
1758411731070981204,BUY,127.47,10
1758411731070981204,BUY,127.468,4916
1758411731070981204,BUY,127.465,4831
1758411731070981204,BUY,127.463,10
1758411731070981204,BUY,127.46,5057
1758411731070981204,BUY,127.46,5046
1758411731070981204,BUY,127.453,5035
1758411731070981204,BUY,127.45,10
1758411731070981204,BUY,127.44,5005
1758411731070981204,BUY,127.418,10
1758411731070981204,BUY,127.408,5066
1758411731070981204,SELL,127.488,4834
1758411731070981204,SELL,127.512,4879
1758411731070981204,SELL,127.517,4981
1758411731070981204,SELL,127.53,5014
1758411731070981204,SELL,127.536,5097
1758411731070981204,SELL,127.546,5045
1758411731071107056,BUY,127.47,10
1758411731071107056,BUY,127.47,10
1758411731071107056,BUY,127.468,4916
1758411731071107056,BUY,127.465,4831
1758411731071107056,BUY,127.463,10
1758411731071107056,BUY,127.46,5057
1758411731071107056,BUY,127.46,5046
1758411731071107056,BUY,127.453,5035
1758411731071107056,BUY,127.45,10
1758411731071107056,BUY,127.44,5005
1758411731071107056,BUY,127.418,10
1758411731071107056,BUY,127.408,5066
1758411731071107056,SELL,127.488,4834
1758411731071107056,SELL,127.512,4879
1758411731071107056,SELL,127.517,4981
1758411731071107056,SELL,127.53,5014
1758411731071107056,SELL,127.536,5097
1758411731071107056,SELL,127.546,5045
1758411731071107056,SELL,127.613,5036
1758411731071274088,BUY,127.47,10
1758411731071274088,BUY,127.47,10
1758411731071274088,BUY,127.468,4916
1758411731071274088,BUY,127.465,4831
1758411731071274088,BUY,127.463,10
1758411731071274088,BUY,127.46,5057
1758411731071274088,BUY,127.46,5046
1758411731071274088,BUY,127.453,5035
1758411731071274088,BUY,127.45,10
1758411731071274088,BUY,127.44,5005
1758411731071274088,BUY,127.418,10
1758411731071274088,BUY,127.408,5066
1758411731071274088,SELL,127.488,4824
1758411731071274088,SELL,127.512,4879
1758411731071274088,SELL,127.517,4981
1758411731071274088,SELL,127.53,5014
1758411731071274088,SELL,127.536,5097
1758411731071274088,SELL,127.546,5045
1758411731071274088,SELL,127.613,5036
1758411731071416186,BUY,127.47,10
1758411731071416186,BUY,127.47,10
1758411731071416186,BUY,127.468,4916
1758411731071416186,BUY,127.465,4831
1758411731071416186,BUY,127.463,10
1758411731071416186,BUY,127.46,5057
1758411731071416186,BUY,127.46,5046
1758411731071416186,BUY,127.453,5035
1758411731071416186,BUY,127.45,10
1758411731071416186,BUY,127.44,5005
1758411731071416186,BUY,127.418,10
1758411731071416186,BUY,127.408,5066
1758411731071416186,SELL,127.488,4824
1758411731071416186,SELL,127.512,4879
1758411731071416186,SELL,127.517,4981
1758411731071416186,SELL,127.53,5014
1758411731071416186,SELL,127.536,5097
1758411731071416186,SELL,127.546,5045
1758411731071416186,SELL,127.613,5036
1758411731071558103,BUY,127.51,2
1758411731071558103,BUY,127.47,10
1758411731071558103,BUY,127.47,10
1758411731071558103,BUY,127.468,4916
1758411731071558103,BUY,127.465,4831
1758411731071558103,BUY,127.463,10
1758411731071558103,BUY,127.46,5057
1758411731071558103,BUY,127.46,5046
1758411731071558103,BUY,127.453,5035
1758411731071558103,BUY,127.45,10
1758411731071558103,BUY,127.44,5005
1758411731071558103,BUY,127.418,10
1758411731071558103,BUY,127.408,5066
1758411731071558103,SELL,127.512,4879
1758411731071558103,SELL,127.517,4981
1758411731071558103,SELL,127.53,5014
1758411731071558103,SELL,127.536,5097
1758411731071558103,SELL,127.546,5045
1758411731071558103,SELL,127.613,5036
1758411731071691135,BUY,127.51,2
1758411731071691135,BUY,127.47,10
1758411731071691135,BUY,127.47,10
1758411731071691135,BUY,127.468,4916
1758411731071691135,BUY,127.465,4831
1758411731071691135,BUY,127.463,10
1758411731071691135,BUY,127.46,5057
1758411731071691135,BUY,127.46,5046
1758411731071691135,BUY,127.453,5035
1758411731071691135,BUY,127.45,10
1758411731071691135,BUY,127.44,5005
1758411731071691135,BUY,127.418,10
1758411731071691135,BUY,127.408,5066
1758411731071691135,SELL,127.512,4879
1758411731071691135,SELL,127.517,4981
1758411731071691135,SELL,127.53,5014
1758411731071691135,SELL,127.53,4826
1758411731071691135,SELL,127.536,5097
1758411731071691135,SELL,127.546,5045
1758411731071691135,SELL,127.613,5036
1758411731071865451,BUY,127.51,2
1758411731071865451,BUY,127.47,10
1758411731071865451,BUY,127.47,10
1758411731071865451,BUY,127.468,4916
1758411731071865451,BUY,127.465,4831
1758411731071865451,BUY,127.463,10
1758411731071865451,BUY,127.46,5057
1758411731071865451,BUY,127.46,5046
1758411731071865451,BUY,127.453,5035
1758411731071865451,BUY,127.45,10
1758411731071865451,BUY,127.44,5005
1758411731071865451,BUY,127.418,10
1758411731071865451,BUY,127.408,5066
1758411731071865451,SELL,127.512,4869
1758411731071865451,SELL,127.517,4981
1758411731071865451,SELL,127.53,5014
1758411731071865451,SELL,127.53,4826
1758411731071865451,SELL,127.536,5097
1758411731071865451,SELL,127.546,5045
1758411731071865451,SELL,127.613,5036
1758411731072000399,BUY,127.51,2
1758411731072000399,BUY,127.47,10
1758411731072000399,BUY,127.47,10
1758411731072000399,BUY,127.468,4916
1758411731072000399,BUY,127.465,4831
1758411731072000399,BUY,127.463,10
1758411731072000399,BUY,127.46,5057
1758411731072000399,BUY,127.46,5046
1758411731072000399,BUY,127.453,5035
1758411731072000399,BUY,127.45,10
1758411731072000399,BUY,127.44,5005
1758411731072000399,BUY,127.418,10
1758411731072000399,BUY,127.408,5066
1758411731072000399,SELL,127.512,4869
1758411731072000399,SELL,127.517,4981
1758411731072000399,SELL,127.53,5014
1758411731072000399,SELL,127.53,4826
1758411731072000399,SELL,127.536,5097
1758411731072000399,SELL,127.546,5045
1758411731072000399,SELL,127.613,5036
1758411731072155874,BUY,127.51,2
1758411731072155874,BUY,127.473,5032
1758411731072155874,BUY,127.47,10
1758411731072155874,BUY,127.47,10
1758411731072155874,BUY,127.468,4916
1758411731072155874,BUY,127.465,4831
1758411731072155874,BUY,127.463,10
1758411731072155874,BUY,127.46,5057
1758411731072155874,BUY,127.46,5046
1758411731072155874,BUY,127.453,5035
1758411731072155874,BUY,127.45,10
1758411731072155874,BUY,127.44,5005
1758411731072155874,BUY,127.418,10
1758411731072155874,BUY,127.408,5066
1758411731072155874,SELL,127.512,4869
1758411731072155874,SELL,127.517,4981
1758411731072155874,SELL,127.53,5014
1758411731072155874,SELL,127.53,4826
1758411731072155874,SELL,127.536,5097
1758411731072155874,SELL,127.546,5045
1758411731072155874,SELL,127.613,5036
1758411731072308467,BUY,127.473,5032
1758411731072308467,BUY,127.47,10
1758411731072308467,BUY,127.47,10
1758411731072308467,BUY,127.468,4916
1758411731072308467,BUY,127.465,4831
1758411731072308467,BUY,127.463,10
1758411731072308467,BUY,127.46,5057
1758411731072308467,BUY,127.46,5046
1758411731072308467,BUY,127.453,5035
1758411731072308467,BUY,127.45,10
1758411731072308467,BUY,127.44,5005
1758411731072308467,BUY,127.418,10
1758411731072308467,BUY,127.408,5066
1758411731072308467,SELL,127.493,5030
1758411731072308467,SELL,127.512,4869
1758411731072308467,SELL,127.517,4981
1758411731072308467,SELL,127.53,5014
1758411731072308467,SELL,127.53,4826
1758411731072308467,SELL,127.536,5097
1758411731072308467,SELL,127.546,5045
1758411731072308467,SELL,127.613,5036
1758411731072493324,BUY,127.483,10
1758411731072493324,BUY,127.473,5032
1758411731072493324,BUY,127.47,10
1758411731072493324,BUY,127.47,10
1758411731072493324,BUY,127.468,4916
1758411731072493324,BUY,127.465,4831
1758411731072493324,BUY,127.463,10
1758411731072493324,BUY,127.46,5057
1758411731072493324,BUY,127.46,5046
1758411731072493324,BUY,127.453,5035
1758411731072493324,BUY,127.45,10
1758411731072493324,BUY,127.44,5005
1758411731072493324,BUY,127.418,10
1758411731072493324,BUY,127.408,5066
1758411731072493324,SELL,127.493,5030
1758411731072493324,SELL,127.512,4869
1758411731072493324,SELL,127.517,4981
1758411731072493324,SELL,127.53,5014
1758411731072493324,SELL,127.53,4826
1758411731072493324,SELL,127.536,5097
1758411731072493324,SELL,127.546,5045
1758411731072493324,SELL,127.613,5036
1758411731072642744,BUY,127.483,10
1758411731072642744,BUY,127.473,5032
1758411731072642744,BUY,127.47,10
1758411731072642744,BUY,127.47,10
1758411731072642744,BUY,127.468,4916
1758411731072642744,BUY,127.465,4831
1758411731072642744,BUY,127.463,10
1758411731072642744,BUY,127.46,5057
1758411731072642744,BUY,127.46,5046
1758411731072642744,BUY,127.453,5035
1758411731072642744,BUY,127.45,10
1758411731072642744,BUY,127.44,5005
1758411731072642744,BUY,127.418,10
1758411731072642744,BUY,127.408,5066
1758411731072642744,SELL,127.493,5030
1758411731072642744,SELL,127.512,4869
1758411731072642744,SELL,127.517,4981
1758411731072642744,SELL,127.53,5014
1758411731072642744,SELL,127.53,4826
1758411731072642744,SELL,127.536,5097
1758411731072642744,SELL,127.546,5045
1758411731072642744,SELL,127.613,5036
1758411731072794767,BUY,127.483,10
1758411731072794767,BUY,127.473,5032
1758411731072794767,BUY,127.472,5058
1758411731072794767,BUY,127.47,10
1758411731072794767,BUY,127.47,10
1758411731072794767,BUY,127.468,4916
1758411731072794767,BUY,127.465,4831
1758411731072794767,BUY,127.463,10
1758411731072794767,BUY,127.46,5057
1758411731072794767,BUY,127.46,5046
1758411731072794767,BUY,127.453,5035
1758411731072794767,BUY,127.45,10
1758411731072794767,BUY,127.44,5005
1758411731072794767,BUY,127.418,10
1758411731072794767,BUY,127.408,5066
1758411731072794767,SELL,127.493,5030
1758411731072794767,SELL,127.512,4869
1758411731072794767,SELL,127.517,4981
1758411731072794767,SELL,127.53,5014
1758411731072794767,SELL,127.53,4826
1758411731072794767,SELL,127.536,5097
1758411731072794767,SELL,127.546,5045
1758411731072794767,SELL,127.613,5036
1758411731072932604,BUY,127.483,10
1758411731072932604,BUY,127.473,5032
1758411731072932604,BUY,127.472,5058
1758411731072932604,BUY,127.47,10
1758411731072932604,BUY,127.47,10
1758411731072932604,BUY,127.468,4916
1758411731072932604,BUY,127.465,4831
1758411731072932604,BUY,127.463,10
1758411731072932604,BUY,127.46,5057
1758411731072932604,BUY,127.46,5046
1758411731072932604,BUY,127.453,5035
1758411731072932604,BUY,127.45,10
1758411731072932604,BUY,127.44,5005
1758411731072932604,BUY,127.418,10
1758411731072932604,BUY,127.408,5066
1758411731072932604,SELL,127.492,5058
1758411731072932604,SELL,127.493,5030
1758411731072932604,SELL,127.512,4869
1758411731072932604,SELL,127.517,4981
1758411731072932604,SELL,127.53,5014
1758411731072932604,SELL,127.53,4826
1758411731072932604,SELL,127.536,5097
1758411731072932604,SELL,127.546,5045
1758411731072932604,SELL,127.613,5036
1758411731073118909,BUY,127.483,10
1758411731073118909,BUY,127.482,10
1758411731073118909,BUY,127.473,5032
1758411731073118909,BUY,127.472,5058
1758411731073118909,BUY,127.47,10
1758411731073118909,BUY,127.47,10
1758411731073118909,BUY,127.468,4916
1758411731073118909,BUY,127.465,4831
1758411731073118909,BUY,127.463,10
1758411731073118909,BUY,127.46,5057
1758411731073118909,BUY,127.46,5046
1758411731073118909,BUY,127.453,5035
1758411731073118909,BUY,127.45,10
1758411731073118909,BUY,127.44,5005
1758411731073118909,BUY,127.418,10
1758411731073118909,BUY,127.408,5066
1758411731073118909,SELL,127.492,5058
1758411731073118909,SELL,127.493,5030
1758411731073118909,SELL,127.512,4869
1758411731073118909,SELL,127.517,4981
1758411731073118909,SELL,127.53,5014
1758411731073118909,SELL,127.53,4826
1758411731073118909,SELL,127.536,5097
1758411731073118909,SELL,127.546,5045
1758411731073118909,SELL,127.613,5036
1758411731073287504,BUY,127.483,10
1758411731073287504,BUY,127.482,10
1758411731073287504,BUY,127.473,5032
1758411731073287504,BUY,127.472,5058
1758411731073287504,BUY,127.47,10
1758411731073287504,BUY,127.47,10
1758411731073287504,BUY,127.468,4916
1758411731073287504,BUY,127.465,4831
1758411731073287504,BUY,127.463,10
1758411731073287504,BUY,127.46,5057
1758411731073287504,BUY,127.46,5046
1758411731073287504,BUY,127.453,5035
1758411731073287504,BUY,127.45,10
1758411731073287504,BUY,127.44,5005
1758411731073287504,BUY,127.418,10
1758411731073287504,BUY,127.408,5066
1758411731073287504,SELL,127.492,5058
1758411731073287504,SELL,127.493,5030
1758411731073287504,SELL,127.512,4869
1758411731073287504,SELL,127.517,4981
1758411731073287504,SELL,127.53,5014
1758411731073287504,SELL,127.53,4826
1758411731073287504,SELL,127.536,5097
1758411731073287504,SELL,127.546,5045
1758411731073287504,SELL,127.613,5036
1758411731073470439,BUY,127.483,10
1758411731073470439,BUY,127.482,10
1758411731073470439,BUY,127.473,5032
1758411731073470439,BUY,127.472,5058
1758411731073470439,BUY,127.47,10
1758411731073470439,BUY,127.47,10
1758411731073470439,BUY,127.468,4916
1758411731073470439,BUY,127.465,4831
1758411731073470439,BUY,127.463,10
1758411731073470439,BUY,127.46,5057
1758411731073470439,BUY,127.46,5046
1758411731073470439,BUY,127.453,5035
1758411731073470439,BUY,127.45,10
1758411731073470439,BUY,127.44,5005
1758411731073470439,BUY,127.418,10
1758411731073470439,BUY,127.408,5066
1758411731073470439,SELL,127.492,90
1758411731073470439,SELL,127.493,5030
1758411731073470439,SELL,127.512,4869
1758411731073470439,SELL,127.517,4981
1758411731073470439,SELL,127.53,5014
1758411731073470439,SELL,127.53,4826
1758411731073470439,SELL,127.536,5097
1758411731073470439,SELL,127.546,5045
1758411731073470439,SELL,127.613,5036
1758411731073630857,BUY,127.483,10
1758411731073630857,BUY,127.482,10
1758411731073630857,BUY,127.473,5032
1758411731073630857,BUY,127.472,5058
1758411731073630857,BUY,127.47,10
1758411731073630857,BUY,127.47,10
1758411731073630857,BUY,127.468,4916
1758411731073630857,BUY,127.465,4831
1758411731073630857,BUY,127.463,10
1758411731073630857,BUY,127.46,5057
1758411731073630857,BUY,127.46,5046
1758411731073630857,BUY,127.453,5035
1758411731073630857,BUY,127.45,10
1758411731073630857,BUY,127.44,5005
1758411731073630857,BUY,127.418,10
1758411731073630857,BUY,127.408,5066
1758411731073630857,SELL,127.492,90
1758411731073630857,SELL,127.493,5030
1758411731073630857,SELL,127.512,4869
1758411731073630857,SELL,127.517,4981
1758411731073630857,SELL,127.53,5014
1758411731073630857,SELL,127.53,4826
1758411731073630857,SELL,127.536,5097
1758411731073630857,SELL,127.546,5045
1758411731073630857,SELL,127.56,4968
1758411731073630857,SELL,127.613,5036
1758411731074679316,BUY,127.483,10
1758411731074679316,BUY,127.482,10
1758411731074679316,BUY,127.473,5032
1758411731074679316,BUY,127.472,5058
1758411731074679316,BUY,127.47,10
1758411731074679316,BUY,127.47,10
1758411731074679316,BUY,127.468,4916
1758411731074679316,BUY,127.465,4831
1758411731074679316,BUY,127.463,10
1758411731074679316,BUY,127.46,5057
1758411731074679316,BUY,127.46,5046
1758411731074679316,BUY,127.453,5035
1758411731074679316,BUY,127.45,10
1758411731074679316,BUY,127.44,5005
1758411731074679316,BUY,127.418,10
1758411731074679316,BUY,127.408,5066
1758411731074679316,SELL,127.492,80
1758411731074679316,SELL,127.493,5030
1758411731074679316,SELL,127.512,4869
1758411731074679316,SELL,127.517,4981
1758411731074679316,SELL,127.53,5014
1758411731074679316,SELL,127.53,4826
1758411731074679316,SELL,127.536,5097
1758411731074679316,SELL,127.546,5045
1758411731074679316,SELL,127.56,4968
1758411731074679316,SELL,127.613,5036
1758411731074848863,BUY,127.483,10
1758411731074848863,BUY,127.482,10
1758411731074848863,BUY,127.473,5032
1758411731074848863,BUY,127.472,5058
1758411731074848863,BUY,127.47,10
1758411731074848863,BUY,127.47,10
1758411731074848863,BUY,127.468,4916
1758411731074848863,BUY,127.465,4831
1758411731074848863,BUY,127.463,10
1758411731074848863,BUY,127.46,5057
1758411731074848863,BUY,127.46,5046
1758411731074848863,BUY,127.453,5035
1758411731074848863,BUY,127.45,10
1758411731074848863,BUY,127.44,5005
1758411731074848863,BUY,127.418,10
1758411731074848863,BUY,127.408,5066
1758411731074848863,SELL,127.492,80
1758411731074848863,SELL,127.493,5030
1758411731074848863,SELL,127.512,4869
1758411731074848863,SELL,127.517,4981
1758411731074848863,SELL,127.53,5014
1758411731074848863,SELL,127.53,4826
1758411731074848863,SELL,127.536,5097
1758411731074848863,SELL,127.546,5045
1758411731074848863,SELL,127.56,4968
1758411731074848863,SELL,127.613,5036
1758411731075029110,BUY,127.483,10
1758411731075029110,BUY,127.482,10
1758411731075029110,BUY,127.473,5032
1758411731075029110,BUY,127.472,5058
1758411731075029110,BUY,127.47,10
1758411731075029110,BUY,127.47,10
1758411731075029110,BUY,127.468,4916
1758411731075029110,BUY,127.465,4831
1758411731075029110,BUY,127.463,10
1758411731075029110,BUY,127.46,5057
1758411731075029110,BUY,127.46,5046
1758411731075029110,BUY,127.453,5035
1758411731075029110,BUY,127.45,10
1758411731075029110,BUY,127.44,5005
1758411731075029110,BUY,127.418,10
1758411731075029110,BUY,127.412,4951
1758411731075029110,BUY,127.408,5066
1758411731075029110,SELL,127.492,80
1758411731075029110,SELL,127.493,5030
1758411731075029110,SELL,127.512,4869
1758411731075029110,SELL,127.517,4981
1758411731075029110,SELL,127.53,5014
1758411731075029110,SELL,127.53,4826
1758411731075029110,SELL,127.536,5097
1758411731075029110,SELL,127.546,5045
1758411731075029110,SELL,127.56,4968
1758411731075029110,SELL,127.613,5036
1758411731075234677,BUY,127.473,101
1758411731075234677,BUY,127.472,5058
1758411731075234677,BUY,127.47,10
1758411731075234677,BUY,127.47,10
1758411731075234677,BUY,127.468,4916
1758411731075234677,BUY,127.465,4831
1758411731075234677,BUY,127.463,10
1758411731075234677,BUY,127.46,5057
1758411731075234677,BUY,127.46,5046
1758411731075234677,BUY,127.453,5035
1758411731075234677,BUY,127.45,10
1758411731075234677,BUY,127.44,5005
1758411731075234677,BUY,127.418,10
1758411731075234677,BUY,127.412,4951
1758411731075234677,BUY,127.408,5066
1758411731075234677,SELL,127.492,80
1758411731075234677,SELL,127.493,5030
1758411731075234677,SELL,127.512,4869
1758411731075234677,SELL,127.517,4981
1758411731075234677,SELL,127.53,5014
1758411731075234677,SELL,127.53,4826
1758411731075234677,SELL,127.536,5097
1758411731075234677,SELL,127.546,5045
1758411731075234677,SELL,127.56,4968
1758411731075234677,SELL,127.613,5036
1758411731075452536,BUY,127.473,101
1758411731075452536,BUY,127.472,5058
1758411731075452536,BUY,127.47,10
1758411731075452536,BUY,127.47,10
1758411731075452536,BUY,127.468,4916
1758411731075452536,BUY,127.465,4831
1758411731075452536,BUY,127.463,10
1758411731075452536,BUY,127.46,5057
1758411731075452536,BUY,127.46,5046
1758411731075452536,BUY,127.453,5035
1758411731075452536,BUY,127.45,10
1758411731075452536,BUY,127.44,5005
1758411731075452536,BUY,127.422,10
1758411731075452536,BUY,127.418,10
1758411731075452536,BUY,127.412,4951
1758411731075452536,BUY,127.408,5066
1758411731075452536,SELL,127.492,80
1758411731075452536,SELL,127.493,5030
1758411731075452536,SELL,127.512,4869
1758411731075452536,SELL,127.517,4981
1758411731075452536,SELL,127.53,5014
1758411731075452536,SELL,127.53,4826
1758411731075452536,SELL,127.536,5097
1758411731075452536,SELL,127.546,5045
1758411731075452536,SELL,127.56,4968
1758411731075452536,SELL,127.613,5036
1758411731075641701,BUY,127.473,101
1758411731075641701,BUY,127.472,5058
1758411731075641701,BUY,127.47,10
1758411731075641701,BUY,127.47,10
1758411731075641701,BUY,127.468,4916
1758411731075641701,BUY,127.465,4831
1758411731075641701,BUY,127.463,10
1758411731075641701,BUY,127.46,5057
1758411731075641701,BUY,127.46,5046
1758411731075641701,BUY,127.453,5035
1758411731075641701,BUY,127.45,10
1758411731075641701,BUY,127.44,5005
1758411731075641701,BUY,127.422,10
1758411731075641701,BUY,127.418,10
1758411731075641701,BUY,127.412,4951
1758411731075641701,BUY,127.408,5066
1758411731075641701,SELL,127.492,80
1758411731075641701,SELL,127.493,5030
1758411731075641701,SELL,127.512,4869
1758411731075641701,SELL,127.517,4981
1758411731075641701,SELL,127.53,5014
1758411731075641701,SELL,127.53,4826
1758411731075641701,SELL,127.536,5097
1758411731075641701,SELL,127.546,5045
1758411731075641701,SELL,127.56,4968
1758411731075641701,SELL,127.613,5036
1758411731075823683,BUY,127.491,5123
1758411731075823683,BUY,127.473,101
1758411731075823683,BUY,127.472,5058
1758411731075823683,BUY,127.47,10
1758411731075823683,BUY,127.47,10
1758411731075823683,BUY,127.468,4916
1758411731075823683,BUY,127.465,4831
1758411731075823683,BUY,127.463,10
1758411731075823683,BUY,127.46,5057
1758411731075823683,BUY,127.46,5046
1758411731075823683,BUY,127.453,5035
1758411731075823683,BUY,127.45,10
1758411731075823683,BUY,127.44,5005
1758411731075823683,BUY,127.422,10
1758411731075823683,BUY,127.418,10
1758411731075823683,BUY,127.412,4951
1758411731075823683,BUY,127.408,5066
1758411731075823683,SELL,127.492,80
1758411731075823683,SELL,127.493,5030
1758411731075823683,SELL,127.512,4869
1758411731075823683,SELL,127.517,4981
1758411731075823683,SELL,127.53,5014
1758411731075823683,SELL,127.53,4826
1758411731075823683,SELL,127.536,5097
1758411731075823683,SELL,127.546,5045
1758411731075823683,SELL,127.56,4968
1758411731075823683,SELL,127.613,5036
1758411731076000562,BUY,127.491,5123
1758411731076000562,BUY,127.473,101
1758411731076000562,BUY,127.472,5058
1758411731076000562,BUY,127.47,10
1758411731076000562,BUY,127.47,10
1758411731076000562,BUY,127.468,4916
1758411731076000562,BUY,127.465,4831
1758411731076000562,BUY,127.463,10
1758411731076000562,BUY,127.46,5057
1758411731076000562,BUY,127.46,5046
1758411731076000562,BUY,127.453,5035
1758411731076000562,BUY,127.45,10
1758411731076000562,BUY,127.44,5005
1758411731076000562,BUY,127.422,10
1758411731076000562,BUY,127.418,10
1758411731076000562,BUY,127.412,4951
1758411731076000562,BUY,127.408,5066
1758411731076000562,SELL,127.492,80
1758411731076000562,SELL,127.493,5030
1758411731076000562,SELL,127.511,5123
1758411731076000562,SELL,127.512,4869
1758411731076000562,SELL,127.517,4981
1758411731076000562,SELL,127.53,5014
1758411731076000562,SELL,127.53,4826
1758411731076000562,SELL,127.536,5097
1758411731076000562,SELL,127.546,5045
1758411731076000562,SELL,127.56,4968
1758411731076000562,SELL,127.613,5036
1758411731076262892,BUY,127.491,5123
1758411731076262892,BUY,127.473,101
1758411731076262892,BUY,127.472,5058
1758411731076262892,BUY,127.47,10
1758411731076262892,BUY,127.47,10
1758411731076262892,BUY,127.468,4916
1758411731076262892,BUY,127.465,4831
1758411731076262892,BUY,127.463,10
1758411731076262892,BUY,127.46,5057
1758411731076262892,BUY,127.46,5046
1758411731076262892,BUY,127.453,5035
1758411731076262892,BUY,127.45,10
1758411731076262892,BUY,127.44,5005
1758411731076262892,BUY,127.422,10
1758411731076262892,BUY,127.418,10
1758411731076262892,BUY,127.412,4951
1758411731076262892,BUY,127.408,5066
1758411731076262892,SELL,127.492,70
1758411731076262892,SELL,127.493,5030
1758411731076262892,SELL,127.511,5123
1758411731076262892,SELL,127.512,4869
1758411731076262892,SELL,127.517,4981
1758411731076262892,SELL,127.53,5014
1758411731076262892,SELL,127.53,4826
1758411731076262892,SELL,127.536,5097
1758411731076262892,SELL,127.546,5045
1758411731076262892,SELL,127.56,4968
1758411731076262892,SELL,127.613,5036
1758411731076467012,BUY,127.491,5123
1758411731076467012,BUY,127.473,101
1758411731076467012,BUY,127.472,5058
1758411731076467012,BUY,127.47,10
1758411731076467012,BUY,127.47,10
1758411731076467012,BUY,127.468,4916
1758411731076467012,BUY,127.465,4831
1758411731076467012,BUY,127.463,10
1758411731076467012,BUY,127.46,5057
1758411731076467012,BUY,127.46,5046
1758411731076467012,BUY,127.453,5035
1758411731076467012,BUY,127.45,10
1758411731076467012,BUY,127.44,5005
1758411731076467012,BUY,127.422,10
1758411731076467012,BUY,127.418,10
1758411731076467012,BUY,127.412,4951
1758411731076467012,BUY,127.408,5066
1758411731076467012,SELL,127.492,70
1758411731076467012,SELL,127.493,5030
1758411731076467012,SELL,127.511,5123
1758411731076467012,SELL,127.512,4869
1758411731076467012,SELL,127.517,4981
1758411731076467012,SELL,127.53,5014
1758411731076467012,SELL,127.53,4826
1758411731076467012,SELL,127.536,5097
1758411731076467012,SELL,127.546,5045
1758411731076467012,SELL,127.56,4968
1758411731076467012,SELL,127.613,5036
1758411731076673018,BUY,127.491,5123
1758411731076673018,BUY,127.473,101
1758411731076673018,BUY,127.472,5058
1758411731076673018,BUY,127.47,10
1758411731076673018,BUY,127.47,10
1758411731076673018,BUY,127.468,4916
1758411731076673018,BUY,127.465,4831
1758411731076673018,BUY,127.463,10
1758411731076673018,BUY,127.46,5057
1758411731076673018,BUY,127.46,5046
1758411731076673018,BUY,127.453,5035
1758411731076673018,BUY,127.45,10
1758411731076673018,BUY,127.44,5005
1758411731076673018,BUY,127.422,10
1758411731076673018,BUY,127.418,10
1758411731076673018,BUY,127.412,4951
1758411731076673018,BUY,127.408,5066
1758411731076673018,SELL,127.493,48
1758411731076673018,SELL,127.511,5123
1758411731076673018,SELL,127.512,4869
1758411731076673018,SELL,127.517,4981
1758411731076673018,SELL,127.53,5014
1758411731076673018,SELL,127.53,4826
1758411731076673018,SELL,127.536,5097
1758411731076673018,SELL,127.546,5045
1758411731076673018,SELL,127.56,4968
1758411731076673018,SELL,127.613,5036
1758411731076851851,BUY,127.491,5123
1758411731076851851,BUY,127.473,101
1758411731076851851,BUY,127.472,5058
1758411731076851851,BUY,127.47,10
1758411731076851851,BUY,127.47,10
1758411731076851851,BUY,127.468,4916
1758411731076851851,BUY,127.465,4831
1758411731076851851,BUY,127.463,10
1758411731076851851,BUY,127.46,5057
1758411731076851851,BUY,127.46,5046
1758411731076851851,BUY,127.453,5035
1758411731076851851,BUY,127.45,10
1758411731076851851,BUY,127.44,5005
1758411731076851851,BUY,127.422,10
1758411731076851851,BUY,127.418,10
1758411731076851851,BUY,127.412,4951
1758411731076851851,BUY,127.408,5066
1758411731076851851,SELL,127.493,48
1758411731076851851,SELL,127.511,5123
1758411731076851851,SELL,127.512,4869
1758411731076851851,SELL,127.515,5052
1758411731076851851,SELL,127.517,4981
1758411731076851851,SELL,127.53,5014
1758411731076851851,SELL,127.53,4826
1758411731076851851,SELL,127.536,5097
1758411731076851851,SELL,127.546,5045
1758411731076851851,SELL,127.56,4968
1758411731076851851,SELL,127.613,5036
1758411731077086830,BUY,127.491,5123
1758411731077086830,BUY,127.473,101
1758411731077086830,BUY,127.472,5058
1758411731077086830,BUY,127.47,10
1758411731077086830,BUY,127.47,10
1758411731077086830,BUY,127.468,4916
1758411731077086830,BUY,127.465,4831
1758411731077086830,BUY,127.463,10
1758411731077086830,BUY,127.46,5057
1758411731077086830,BUY,127.46,5046
1758411731077086830,BUY,127.453,5035
1758411731077086830,BUY,127.45,10
1758411731077086830,BUY,127.44,5005
1758411731077086830,BUY,127.422,10
1758411731077086830,BUY,127.418,10
1758411731077086830,BUY,127.412,4951
1758411731077086830,BUY,127.408,5066
1758411731077086830,SELL,127.493,38
1758411731077086830,SELL,127.511,5123
1758411731077086830,SELL,127.512,4869
1758411731077086830,SELL,127.515,5052
1758411731077086830,SELL,127.517,4981
1758411731077086830,SELL,127.53,5014
1758411731077086830,SELL,127.53,4826
1758411731077086830,SELL,127.536,5097
1758411731077086830,SELL,127.546,5045
1758411731077086830,SELL,127.56,4968
1758411731077086830,SELL,127.613,5036
1758411731077255104,BUY,127.491,5123
1758411731077255104,BUY,127.473,101
1758411731077255104,BUY,127.472,5058
1758411731077255104,BUY,127.47,10
1758411731077255104,BUY,127.47,10
1758411731077255104,BUY,127.468,4916
1758411731077255104,BUY,127.465,4831
1758411731077255104,BUY,127.463,10
1758411731077255104,BUY,127.46,5057
1758411731077255104,BUY,127.46,5046
1758411731077255104,BUY,127.453,5035
1758411731077255104,BUY,127.45,10
1758411731077255104,BUY,127.44,5005
1758411731077255104,BUY,127.422,10
1758411731077255104,BUY,127.418,10
1758411731077255104,BUY,127.412,4951
1758411731077255104,BUY,127.408,5066
1758411731077255104,SELL,127.493,38
1758411731077255104,SELL,127.511,5123
1758411731077255104,SELL,127.512,4869
1758411731077255104,SELL,127.515,5052
1758411731077255104,SELL,127.517,4981
1758411731077255104,SELL,127.53,5014
1758411731077255104,SELL,127.53,4826
1758411731077255104,SELL,127.536,5097
1758411731077255104,SELL,127.546,5045
1758411731077255104,SELL,127.56,4968
1758411731077255104,SELL,127.613,5036
1758411731077414966,BUY,127.491,5123
1758411731077414966,BUY,127.473,101
1758411731077414966,BUY,127.472,5058
1758411731077414966,BUY,127.47,10
1758411731077414966,BUY,127.47,10
1758411731077414966,BUY,127.468,4916
1758411731077414966,BUY,127.465,4831
1758411731077414966,BUY,127.463,10
1758411731077414966,BUY,127.463,4984
1758411731077414966,BUY,127.46,5057
1758411731077414966,BUY,127.46,5046
1758411731077414966,BUY,127.453,5035
1758411731077414966,BUY,127.45,10
1758411731077414966,BUY,127.44,5005
1758411731077414966,BUY,127.422,10
1758411731077414966,BUY,127.418,10
1758411731077414966,BUY,127.412,4951
1758411731077414966,BUY,127.408,5066
1758411731077414966,SELL,127.493,38
1758411731077414966,SELL,127.511,5123
1758411731077414966,SELL,127.512,4869
1758411731077414966,SELL,127.515,5052
1758411731077414966,SELL,127.517,4981
1758411731077414966,SELL,127.53,5014
1758411731077414966,SELL,127.53,4826
1758411731077414966,SELL,127.536,5097
1758411731077414966,SELL,127.546,5045
1758411731077414966,SELL,127.56,4968
1758411731077414966,SELL,127.613,5036
1758411731077586904,BUY,127.491,139
1758411731077586904,BUY,127.473,101
1758411731077586904,BUY,127.472,5058
1758411731077586904,BUY,127.47,10
1758411731077586904,BUY,127.47,10
1758411731077586904,BUY,127.468,4916
1758411731077586904,BUY,127.465,4831
1758411731077586904,BUY,127.463,10
1758411731077586904,BUY,127.463,4984
1758411731077586904,BUY,127.46,5057
1758411731077586904,BUY,127.46,5046
1758411731077586904,BUY,127.453,5035
1758411731077586904,BUY,127.45,10
1758411731077586904,BUY,127.44,5005
1758411731077586904,BUY,127.422,10
1758411731077586904,BUY,127.418,10
1758411731077586904,BUY,127.412,4951
1758411731077586904,BUY,127.408,5066
1758411731077586904,SELL,127.493,38
1758411731077586904,SELL,127.511,5123
1758411731077586904,SELL,127.512,4869
1758411731077586904,SELL,127.515,5052
1758411731077586904,SELL,127.517,4981
1758411731077586904,SELL,127.53,5014
1758411731077586904,SELL,127.53,4826
1758411731077586904,SELL,127.536,5097
1758411731077586904,SELL,127.546,5045
1758411731077586904,SELL,127.56,4968
1758411731077586904,SELL,127.613,5036
1758411731077783209,BUY,127.491,139
1758411731077783209,BUY,127.473,10
1758411731077783209,BUY,127.473,101
1758411731077783209,BUY,127.472,5058
1758411731077783209,BUY,127.47,10
1758411731077783209,BUY,127.47,10
1758411731077783209,BUY,127.468,4916
1758411731077783209,BUY,127.465,4831
1758411731077783209,BUY,127.463,10
1758411731077783209,BUY,127.463,4984
1758411731077783209,BUY,127.46,5057
1758411731077783209,BUY,127.46,5046
1758411731077783209,BUY,127.453,5035
1758411731077783209,BUY,127.45,10
1758411731077783209,BUY,127.44,5005
1758411731077783209,BUY,127.422,10
1758411731077783209,BUY,127.418,10
1758411731077783209,BUY,127.412,4951
1758411731077783209,BUY,127.408,5066
1758411731077783209,SELL,127.493,38
1758411731077783209,SELL,127.511,5123
1758411731077783209,SELL,127.512,4869
1758411731077783209,SELL,127.515,5052
1758411731077783209,SELL,127.517,4981
1758411731077783209,SELL,127.53,5014
1758411731077783209,SELL,127.53,4826
1758411731077783209,SELL,127.536,5097
1758411731077783209,SELL,127.546,5045
1758411731077783209,SELL,127.56,4968
1758411731077783209,SELL,127.613,5036
1758411731079235002,BUY,127.491,139
1758411731079235002,BUY,127.473,10
1758411731079235002,BUY,127.473,101
1758411731079235002,BUY,127.472,5058
1758411731079235002,BUY,127.47,10
1758411731079235002,BUY,127.47,10
1758411731079235002,BUY,127.468,4916
1758411731079235002,BUY,127.465,4831
1758411731079235002,BUY,127.463,10
1758411731079235002,BUY,127.463,4984
1758411731079235002,BUY,127.46,5057
1758411731079235002,BUY,127.46,5046
1758411731079235002,BUY,127.453,5035
1758411731079235002,BUY,127.45,10
1758411731079235002,BUY,127.44,5005
1758411731079235002,BUY,127.422,10
1758411731079235002,BUY,127.418,10
1758411731079235002,BUY,127.412,4951
1758411731079235002,BUY,127.408,5066
1758411731079235002,SELL,127.493,38
1758411731079235002,SELL,127.511,5123
1758411731079235002,SELL,127.512,4869
1758411731079235002,SELL,127.515,5052
1758411731079235002,SELL,127.517,4981
1758411731079235002,SELL,127.53,5014
1758411731079235002,SELL,127.53,4826
1758411731079235002,SELL,127.536,5097
1758411731079235002,SELL,127.546,5045
1758411731079235002,SELL,127.56,4968
1758411731079235002,SELL,127.613,5036
1758411731079402131,BUY,127.491,139
1758411731079402131,BUY,127.474,4960
1758411731079402131,BUY,127.473,10
1758411731079402131,BUY,127.473,101
1758411731079402131,BUY,127.472,5058
1758411731079402131,BUY,127.47,10
1758411731079402131,BUY,127.47,10
1758411731079402131,BUY,127.468,4916
1758411731079402131,BUY,127.465,4831
1758411731079402131,BUY,127.463,10
1758411731079402131,BUY,127.463,4984
1758411731079402131,BUY,127.46,5057
1758411731079402131,BUY,127.46,5046
1758411731079402131,BUY,127.453,5035
1758411731079402131,BUY,127.45,10
1758411731079402131,BUY,127.44,5005
1758411731079402131,BUY,127.422,10
1758411731079402131,BUY,127.418,10
1758411731079402131,BUY,127.412,4951
1758411731079402131,BUY,127.408,5066
1758411731079402131,SELL,127.493,38
1758411731079402131,SELL,127.511,5123
1758411731079402131,SELL,127.512,4869
1758411731079402131,SELL,127.515,5052
1758411731079402131,SELL,127.517,4981
1758411731079402131,SELL,127.53,5014
1758411731079402131,SELL,127.53,4826
1758411731079402131,SELL,127.536,5097
1758411731079402131,SELL,127.546,5045
1758411731079402131,SELL,127.56,4968
1758411731079402131,SELL,127.613,5036
1758411731079545435,BUY,127.491,139
1758411731079545435,BUY,127.474,4960
1758411731079545435,BUY,127.473,10
1758411731079545435,BUY,127.473,101
1758411731079545435,BUY,127.472,5058
1758411731079545435,BUY,127.47,10
1758411731079545435,BUY,127.47,10
1758411731079545435,BUY,127.468,4916
1758411731079545435,BUY,127.465,4831
1758411731079545435,BUY,127.463,10
1758411731079545435,BUY,127.463,4984
1758411731079545435,BUY,127.46,5057
1758411731079545435,BUY,127.46,5046
1758411731079545435,BUY,127.453,5035
1758411731079545435,BUY,127.45,10
1758411731079545435,BUY,127.44,5005
1758411731079545435,BUY,127.422,10
1758411731079545435,BUY,127.418,10
1758411731079545435,BUY,127.412,4951
1758411731079545435,BUY,127.408,5066
1758411731079545435,SELL,127.493,38
1758411731079545435,SELL,127.494,4960
1758411731079545435,SELL,127.511,5123
1758411731079545435,SELL,127.512,4869
1758411731079545435,SELL,127.515,5052
1758411731079545435,SELL,127.517,4981
1758411731079545435,SELL,127.53,5014
1758411731079545435,SELL,127.53,4826
1758411731079545435,SELL,127.536,5097
1758411731079545435,SELL,127.546,5045
1758411731079545435,SELL,127.56,4968
1758411731079545435,SELL,127.613,5036
1758411731079723908,BUY,127.491,139
1758411731079723908,BUY,127.484,10
1758411731079723908,BUY,127.474,4960
1758411731079723908,BUY,127.473,10
1758411731079723908,BUY,127.473,101
1758411731079723908,BUY,127.472,5058
1758411731079723908,BUY,127.47,10
1758411731079723908,BUY,127.47,10
1758411731079723908,BUY,127.468,4916
1758411731079723908,BUY,127.465,4831
1758411731079723908,BUY,127.463,10
1758411731079723908,BUY,127.463,4984
1758411731079723908,BUY,127.46,5057
1758411731079723908,BUY,127.46,5046
1758411731079723908,BUY,127.453,5035
1758411731079723908,BUY,127.45,10
1758411731079723908,BUY,127.44,5005
1758411731079723908,BUY,127.422,10
1758411731079723908,BUY,127.418,10
1758411731079723908,BUY,127.412,4951
1758411731079723908,BUY,127.408,5066
1758411731079723908,SELL,127.493,38
1758411731079723908,SELL,127.494,4960
1758411731079723908,SELL,127.511,5123
1758411731079723908,SELL,127.512,4869
1758411731079723908,SELL,127.515,5052
1758411731079723908,SELL,127.517,4981
1758411731079723908,SELL,127.53,5014
1758411731079723908,SELL,127.53,4826
1758411731079723908,SELL,127.536,5097
1758411731079723908,SELL,127.546,5045
1758411731079723908,SELL,127.56,4968
1758411731079723908,SELL,127.613,5036
1758411731079897914,BUY,127.491,139
1758411731079897914,BUY,127.484,10
1758411731079897914,BUY,127.474,4960
1758411731079897914,BUY,127.473,10
1758411731079897914,BUY,127.473,101
1758411731079897914,BUY,127.472,5058
1758411731079897914,BUY,127.47,10
1758411731079897914,BUY,127.47,10
1758411731079897914,BUY,127.468,4916
1758411731079897914,BUY,127.465,4831
1758411731079897914,BUY,127.463,10
1758411731079897914,BUY,127.463,4984
1758411731079897914,BUY,127.46,5057
1758411731079897914,BUY,127.46,5046
1758411731079897914,BUY,127.453,5035
1758411731079897914,BUY,127.45,10
1758411731079897914,BUY,127.44,5005
1758411731079897914,BUY,127.422,10
1758411731079897914,BUY,127.418,10
1758411731079897914,BUY,127.412,4951
1758411731079897914,BUY,127.408,5066
1758411731079897914,SELL,127.493,38
1758411731079897914,SELL,127.494,4960
1758411731079897914,SELL,127.511,5123
1758411731079897914,SELL,127.512,4869
1758411731079897914,SELL,127.515,5052
1758411731079897914,SELL,127.517,4981
1758411731079897914,SELL,127.53,5014
1758411731079897914,SELL,127.53,4826
1758411731079897914,SELL,127.536,5097
1758411731079897914,SELL,127.546,5045
1758411731079897914,SELL,127.56,4968
1758411731079897914,SELL,127.613,5036
1758411731080091146,BUY,127.491,139
1758411731080091146,BUY,127.484,10
1758411731080091146,BUY,127.474,4960
1758411731080091146,BUY,127.473,10
1758411731080091146,BUY,127.473,101
1758411731080091146,BUY,127.472,5058
1758411731080091146,BUY,127.47,10
1758411731080091146,BUY,127.47,10
1758411731080091146,BUY,127.468,4916
1758411731080091146,BUY,127.465,4831
1758411731080091146,BUY,127.463,10
1758411731080091146,BUY,127.463,4984
1758411731080091146,BUY,127.46,5057
1758411731080091146,BUY,127.46,5046
1758411731080091146,BUY,127.453,5035
1758411731080091146,BUY,127.45,10
1758411731080091146,BUY,127.44,5005
1758411731080091146,BUY,127.437,5020
1758411731080091146,BUY,127.422,10
1758411731080091146,BUY,127.418,10
1758411731080091146,BUY,127.412,4951
1758411731080091146,BUY,127.408,5066
1758411731080091146,SELL,127.493,38
1758411731080091146,SELL,127.494,4960
1758411731080091146,SELL,127.511,5123
1758411731080091146,SELL,127.512,4869
1758411731080091146,SELL,127.515,5052
1758411731080091146,SELL,127.517,4981
1758411731080091146,SELL,127.53,5014
1758411731080091146,SELL,127.53,4826
1758411731080091146,SELL,127.536,5097
1758411731080091146,SELL,127.546,5045
1758411731080091146,SELL,127.56,4968
1758411731080091146,SELL,127.613,5036
1758411731080290757,BUY,127.474,89
1758411731080290757,BUY,127.473,10
1758411731080290757,BUY,127.473,101
1758411731080290757,BUY,127.472,5058
1758411731080290757,BUY,127.47,10
1758411731080290757,BUY,127.47,10
1758411731080290757,BUY,127.468,4916
1758411731080290757,BUY,127.465,4831
1758411731080290757,BUY,127.463,10
1758411731080290757,BUY,127.463,4984
1758411731080290757,BUY,127.46,5057
1758411731080290757,BUY,127.46,5046
1758411731080290757,BUY,127.453,5035
1758411731080290757,BUY,127.45,10
1758411731080290757,BUY,127.44,5005
1758411731080290757,BUY,127.437,5020
1758411731080290757,BUY,127.422,10
1758411731080290757,BUY,127.418,10
1758411731080290757,BUY,127.412,4951
1758411731080290757,BUY,127.408,5066
1758411731080290757,SELL,127.493,38
1758411731080290757,SELL,127.494,4960
1758411731080290757,SELL,127.511,5123
1758411731080290757,SELL,127.512,4869
1758411731080290757,SELL,127.515,5052
1758411731080290757,SELL,127.517,4981
1758411731080290757,SELL,127.53,5014
1758411731080290757,SELL,127.53,4826
1758411731080290757,SELL,127.536,5097
1758411731080290757,SELL,127.546,5045
1758411731080290757,SELL,127.56,4968
1758411731080290757,SELL,127.613,5036
1758411731081162285,BUY,127.474,89
1758411731081162285,BUY,127.473,10
1758411731081162285,BUY,127.473,101
1758411731081162285,BUY,127.472,5058
1758411731081162285,BUY,127.47,10
1758411731081162285,BUY,127.47,10
1758411731081162285,BUY,127.468,4916
1758411731081162285,BUY,127.465,4831
1758411731081162285,BUY,127.463,10
1758411731081162285,BUY,127.463,4984
1758411731081162285,BUY,127.46,5057
1758411731081162285,BUY,127.46,5046
1758411731081162285,BUY,127.453,5035
1758411731081162285,BUY,127.45,10
1758411731081162285,BUY,127.447,10
1758411731081162285,BUY,127.44,5005
1758411731081162285,BUY,127.437,5020
1758411731081162285,BUY,127.422,10
1758411731081162285,BUY,127.418,10
1758411731081162285,BUY,127.412,4951
1758411731081162285,BUY,127.408,5066
1758411731081162285,SELL,127.493,38
1758411731081162285,SELL,127.494,4960
1758411731081162285,SELL,127.511,5123
1758411731081162285,SELL,127.512,4869
1758411731081162285,SELL,127.515,5052
1758411731081162285,SELL,127.517,4981
1758411731081162285,SELL,127.53,5014
1758411731081162285,SELL,127.53,4826
1758411731081162285,SELL,127.536,5097
1758411731081162285,SELL,127.546,5045
1758411731081162285,SELL,127.56,4968
1758411731081162285,SELL,127.613,5036
1758411731081333776,BUY,127.474,89
1758411731081333776,BUY,127.473,10
1758411731081333776,BUY,127.473,101
1758411731081333776,BUY,127.472,5058
1758411731081333776,BUY,127.47,10
1758411731081333776,BUY,127.47,10
1758411731081333776,BUY,127.468,4916
1758411731081333776,BUY,127.465,4831
1758411731081333776,BUY,127.463,10
1758411731081333776,BUY,127.463,4984
1758411731081333776,BUY,127.46,5057
1758411731081333776,BUY,127.46,5046
1758411731081333776,BUY,127.453,5035
1758411731081333776,BUY,127.45,10
1758411731081333776,BUY,127.447,10
1758411731081333776,BUY,127.44,5005
1758411731081333776,BUY,127.437,5020
1758411731081333776,BUY,127.422,10
1758411731081333776,BUY,127.418,10
1758411731081333776,BUY,127.412,4951
1758411731081333776,BUY,127.408,5066
1758411731081333776,SELL,127.493,38
1758411731081333776,SELL,127.494,4960
1758411731081333776,SELL,127.511,5123
1758411731081333776,SELL,127.512,4869
1758411731081333776,SELL,127.515,5052
1758411731081333776,SELL,127.517,4981
1758411731081333776,SELL,127.53,5014
1758411731081333776,SELL,127.53,4826
1758411731081333776,SELL,127.536,5097
1758411731081333776,SELL,127.546,5045
1758411731081333776,SELL,127.56,4968
1758411731081333776,SELL,127.613,5036
1758411731081502102,BUY,127.474,89
1758411731081502102,BUY,127.473,10
1758411731081502102,BUY,127.473,101
1758411731081502102,BUY,127.472,5058
1758411731081502102,BUY,127.47,10
1758411731081502102,BUY,127.47,10
1758411731081502102,BUY,127.468,4916
1758411731081502102,BUY,127.465,4831
1758411731081502102,BUY,127.463,10
1758411731081502102,BUY,127.463,4984
1758411731081502102,BUY,127.46,5057
1758411731081502102,BUY,127.46,5046
1758411731081502102,BUY,127.453,5035
1758411731081502102,BUY,127.45,10
1758411731081502102,BUY,127.447,10
1758411731081502102,BUY,127.44,5005
1758411731081502102,BUY,127.44,4935
1758411731081502102,BUY,127.437,5020
1758411731081502102,BUY,127.422,10
1758411731081502102,BUY,127.418,10
1758411731081502102,BUY,127.412,4951
1758411731081502102,BUY,127.408,5066
1758411731081502102,SELL,127.493,38
1758411731081502102,SELL,127.494,4960
1758411731081502102,SELL,127.511,5123
1758411731081502102,SELL,127.512,4869
1758411731081502102,SELL,127.515,5052
1758411731081502102,SELL,127.517,4981
1758411731081502102,SELL,127.53,5014
1758411731081502102,SELL,127.53,4826
1758411731081502102,SELL,127.536,5097
1758411731081502102,SELL,127.546,5045
1758411731081502102,SELL,127.56,4968
1758411731081502102,SELL,127.613,5036
1758411731081727434,BUY,127.472,323
1758411731081727434,BUY,127.47,10
1758411731081727434,BUY,127.47,10
1758411731081727434,BUY,127.468,4916
1758411731081727434,BUY,127.465,4831
1758411731081727434,BUY,127.463,10
1758411731081727434,BUY,127.463,4984
1758411731081727434,BUY,127.46,5057
1758411731081727434,BUY,127.46,5046
1758411731081727434,BUY,127.453,5035
1758411731081727434,BUY,127.45,10
1758411731081727434,BUY,127.447,10
1758411731081727434,BUY,127.44,5005
1758411731081727434,BUY,127.44,4935
1758411731081727434,BUY,127.437,5020
1758411731081727434,BUY,127.422,10
1758411731081727434,BUY,127.418,10
1758411731081727434,BUY,127.412,4951
1758411731081727434,BUY,127.408,5066
1758411731081727434,SELL,127.493,38
1758411731081727434,SELL,127.494,4960
1758411731081727434,SELL,127.511,5123
1758411731081727434,SELL,127.512,4869
1758411731081727434,SELL,127.515,5052
1758411731081727434,SELL,127.517,4981
1758411731081727434,SELL,127.53,5014
1758411731081727434,SELL,127.53,4826
1758411731081727434,SELL,127.536,5097
1758411731081727434,SELL,127.546,5045
1758411731081727434,SELL,127.56,4968
1758411731081727434,SELL,127.613,5036
1758411731081923697,BUY,127.472,323
1758411731081923697,BUY,127.47,10
1758411731081923697,BUY,127.47,10
1758411731081923697,BUY,127.468,4916
1758411731081923697,BUY,127.465,4831
1758411731081923697,BUY,127.463,10
1758411731081923697,BUY,127.463,4984
1758411731081923697,BUY,127.46,5057
1758411731081923697,BUY,127.46,5046
1758411731081923697,BUY,127.453,5035
1758411731081923697,BUY,127.45,10
1758411731081923697,BUY,127.45,10
1758411731081923697,BUY,127.447,10
1758411731081923697,BUY,127.44,5005
1758411731081923697,BUY,127.44,4935
1758411731081923697,BUY,127.437,5020
1758411731081923697,BUY,127.422,10
1758411731081923697,BUY,127.418,10
1758411731081923697,BUY,127.412,4951
1758411731081923697,BUY,127.408,5066
1758411731081923697,SELL,127.493,38
1758411731081923697,SELL,127.494,4960
1758411731081923697,SELL,127.511,5123
1758411731081923697,SELL,127.512,4869
1758411731081923697,SELL,127.515,5052
1758411731081923697,SELL,127.517,4981
1758411731081923697,SELL,127.53,5014
1758411731081923697,SELL,127.53,4826
1758411731081923697,SELL,127.536,5097
1758411731081923697,SELL,127.546,5045
1758411731081923697,SELL,127.56,4968
1758411731081923697,SELL,127.613,5036
1758411731082121047,BUY,127.472,323
1758411731082121047,BUY,127.47,10
1758411731082121047,BUY,127.47,10
1758411731082121047,BUY,127.468,4916
1758411731082121047,BUY,127.465,4831
1758411731082121047,BUY,127.463,10
1758411731082121047,BUY,127.463,4984
1758411731082121047,BUY,127.46,5057
1758411731082121047,BUY,127.46,5046
1758411731082121047,BUY,127.453,5035
1758411731082121047,BUY,127.45,10
1758411731082121047,BUY,127.45,10
1758411731082121047,BUY,127.447,10
1758411731082121047,BUY,127.44,5005
1758411731082121047,BUY,127.44,4935
1758411731082121047,BUY,127.437,5020
1758411731082121047,BUY,127.422,10
1758411731082121047,BUY,127.418,10
1758411731082121047,BUY,127.412,4951
1758411731082121047,BUY,127.408,5066
1758411731082121047,SELL,127.493,38
1758411731082121047,SELL,127.494,4960
1758411731082121047,SELL,127.511,5123
1758411731082121047,SELL,127.512,4869
1758411731082121047,SELL,127.515,5052
1758411731082121047,SELL,127.517,4981
1758411731082121047,SELL,127.53,5014
1758411731082121047,SELL,127.53,4826
1758411731082121047,SELL,127.536,5097
1758411731082121047,SELL,127.546,5045
1758411731082121047,SELL,127.56,4968
1758411731082121047,SELL,127.613,5036
1758411731082291815,BUY,127.48,5070
1758411731082291815,BUY,127.472,323
1758411731082291815,BUY,127.47,10
1758411731082291815,BUY,127.47,10
1758411731082291815,BUY,127.468,4916
1758411731082291815,BUY,127.465,4831
1758411731082291815,BUY,127.463,10
1758411731082291815,BUY,127.463,4984
1758411731082291815,BUY,127.46,5057
1758411731082291815,BUY,127.46,5046
1758411731082291815,BUY,127.453,5035
1758411731082291815,BUY,127.45,10
1758411731082291815,BUY,127.45,10
1758411731082291815,BUY,127.447,10
1758411731082291815,BUY,127.44,5005
1758411731082291815,BUY,127.44,4935
1758411731082291815,BUY,127.437,5020
1758411731082291815,BUY,127.422,10
1758411731082291815,BUY,127.418,10
1758411731082291815,BUY,127.412,4951
1758411731082291815,BUY,127.408,5066
1758411731082291815,SELL,127.493,38
1758411731082291815,SELL,127.494,4960
1758411731082291815,SELL,127.511,5123
1758411731082291815,SELL,127.512,4869
1758411731082291815,SELL,127.515,5052
1758411731082291815,SELL,127.517,4981
1758411731082291815,SELL,127.53,5014
1758411731082291815,SELL,127.53,4826
1758411731082291815,SELL,127.536,5097
1758411731082291815,SELL,127.546,5045
1758411731082291815,SELL,127.56,4968
1758411731082291815,SELL,127.613,5036
1758411731084624924,BUY,127.48,5070
1758411731084624924,BUY,127.472,323
1758411731084624924,BUY,127.47,10
1758411731084624924,BUY,127.47,10
1758411731084624924,BUY,127.468,4916
1758411731084624924,BUY,127.465,4831
1758411731084624924,BUY,127.463,10
1758411731084624924,BUY,127.463,4984
1758411731084624924,BUY,127.46,5057
1758411731084624924,BUY,127.46,5046
1758411731084624924,BUY,127.453,5035
1758411731084624924,BUY,127.45,10
1758411731084624924,BUY,127.45,10
1758411731084624924,BUY,127.447,10
1758411731084624924,BUY,127.44,5005
1758411731084624924,BUY,127.44,4935
1758411731084624924,BUY,127.437,5020
1758411731084624924,BUY,127.422,10
1758411731084624924,BUY,127.418,10
1758411731084624924,BUY,127.412,4951
1758411731084624924,BUY,127.408,5066
1758411731084624924,SELL,127.493,38
1758411731084624924,SELL,127.494,4960
1758411731084624924,SELL,127.5,5070
1758411731084624924,SELL,127.511,5123
1758411731084624924,SELL,127.512,4869
1758411731084624924,SELL,127.515,5052
1758411731084624924,SELL,127.517,4981
1758411731084624924,SELL,127.53,5014
1758411731084624924,SELL,127.53,4826
1758411731084624924,SELL,127.536,5097
1758411731084624924,SELL,127.546,5045
1758411731084624924,SELL,127.56,4968
1758411731084624924,SELL,127.613,5036
1758411731084781150,BUY,127.49,10
1758411731084781150,BUY,127.48,5070
1758411731084781150,BUY,127.472,323
1758411731084781150,BUY,127.47,10
1758411731084781150,BUY,127.47,10
1758411731084781150,BUY,127.468,4916
1758411731084781150,BUY,127.465,4831
1758411731084781150,BUY,127.463,10
1758411731084781150,BUY,127.463,4984
1758411731084781150,BUY,127.46,5057
1758411731084781150,BUY,127.46,5046
1758411731084781150,BUY,127.453,5035
1758411731084781150,BUY,127.45,10
1758411731084781150,BUY,127.45,10
1758411731084781150,BUY,127.447,10
1758411731084781150,BUY,127.44,5005
1758411731084781150,BUY,127.44,4935
1758411731084781150,BUY,127.437,5020
1758411731084781150,BUY,127.422,10
1758411731084781150,BUY,127.418,10
1758411731084781150,BUY,127.412,4951
1758411731084781150,BUY,127.408,5066
1758411731084781150,SELL,127.493,38
1758411731084781150,SELL,127.494,4960
1758411731084781150,SELL,127.5,5070
1758411731084781150,SELL,127.511,5123
1758411731084781150,SELL,127.512,4869
1758411731084781150,SELL,127.515,5052
1758411731084781150,SELL,127.517,4981
1758411731084781150,SELL,127.53,5014
1758411731084781150,SELL,127.53,4826
1758411731084781150,SELL,127.536,5097
1758411731084781150,SELL,127.546,5045
1758411731084781150,SELL,127.56,4968
1758411731084781150,SELL,127.613,5036
1758411731084959223,BUY,127.49,10
1758411731084959223,BUY,127.48,5070
1758411731084959223,BUY,127.472,323
1758411731084959223,BUY,127.47,10
1758411731084959223,BUY,127.47,10
1758411731084959223,BUY,127.468,4916
1758411731084959223,BUY,127.465,4831
1758411731084959223,BUY,127.463,10
1758411731084959223,BUY,127.463,4984
1758411731084959223,BUY,127.46,5057
1758411731084959223,BUY,127.46,5046
1758411731084959223,BUY,127.453,5035
1758411731084959223,BUY,127.45,10
1758411731084959223,BUY,127.45,10
1758411731084959223,BUY,127.447,10
1758411731084959223,BUY,127.44,5005
1758411731084959223,BUY,127.44,4935
1758411731084959223,BUY,127.437,5020
1758411731084959223,BUY,127.422,10
1758411731084959223,BUY,127.418,10
1758411731084959223,BUY,127.412,4951
1758411731084959223,BUY,127.408,5066
1758411731084959223,SELL,127.493,38
1758411731084959223,SELL,127.494,4960
1758411731084959223,SELL,127.5,5070
1758411731084959223,SELL,127.511,5123
1758411731084959223,SELL,127.512,4869
1758411731084959223,SELL,127.515,5052
1758411731084959223,SELL,127.517,4981
1758411731084959223,SELL,127.53,5014
1758411731084959223,SELL,127.53,4826
1758411731084959223,SELL,127.536,5097
1758411731084959223,SELL,127.546,5045
1758411731084959223,SELL,127.56,4968
1758411731084959223,SELL,127.613,5036
1758411731085139537,BUY,127.49,10
1758411731085139537,BUY,127.486,5098
1758411731085139537,BUY,127.48,5070
1758411731085139537,BUY,127.472,323
1758411731085139537,BUY,127.47,10
1758411731085139537,BUY,127.47,10
1758411731085139537,BUY,127.468,4916
1758411731085139537,BUY,127.465,4831
1758411731085139537,BUY,127.463,10
1758411731085139537,BUY,127.463,4984
1758411731085139537,BUY,127.46,5057
1758411731085139537,BUY,127.46,5046
1758411731085139537,BUY,127.453,5035
1758411731085139537,BUY,127.45,10
1758411731085139537,BUY,127.45,10
1758411731085139537,BUY,127.447,10
1758411731085139537,BUY,127.44,5005
1758411731085139537,BUY,127.44,4935
1758411731085139537,BUY,127.437,5020
1758411731085139537,BUY,127.422,10
1758411731085139537,BUY,127.418,10
1758411731085139537,BUY,127.412,4951
1758411731085139537,BUY,127.408,5066
1758411731085139537,SELL,127.493,38
1758411731085139537,SELL,127.494,4960
1758411731085139537,SELL,127.5,5070
1758411731085139537,SELL,127.511,5123
1758411731085139537,SELL,127.512,4869
1758411731085139537,SELL,127.515,5052
1758411731085139537,SELL,127.517,4981
1758411731085139537,SELL,127.53,5014
1758411731085139537,SELL,127.53,4826
1758411731085139537,SELL,127.536,5097
1758411731085139537,SELL,127.546,5045
1758411731085139537,SELL,127.56,4968
1758411731085139537,SELL,127.613,5036
1758411731085335361,BUY,127.49,10
1758411731085335361,BUY,127.486,5098
1758411731085335361,BUY,127.48,5070
1758411731085335361,BUY,127.472,323
1758411731085335361,BUY,127.47,10
1758411731085335361,BUY,127.47,10
1758411731085335361,BUY,127.468,4916
1758411731085335361,BUY,127.465,4831
1758411731085335361,BUY,127.463,10
1758411731085335361,BUY,127.463,4984
1758411731085335361,BUY,127.46,5057
1758411731085335361,BUY,127.46,5046
1758411731085335361,BUY,127.453,5035
1758411731085335361,BUY,127.45,10
1758411731085335361,BUY,127.45,10
1758411731085335361,BUY,127.447,10
1758411731085335361,BUY,127.44,5005
1758411731085335361,BUY,127.44,4935
1758411731085335361,BUY,127.437,5020
1758411731085335361,BUY,127.422,10
1758411731085335361,BUY,127.418,10
1758411731085335361,BUY,127.412,4951
1758411731085335361,BUY,127.408,5066
1758411731085335361,SELL,127.493,38
1758411731085335361,SELL,127.494,4960
1758411731085335361,SELL,127.5,5070
1758411731085335361,SELL,127.506,5098
1758411731085335361,SELL,127.511,5123
1758411731085335361,SELL,127.512,4869
1758411731085335361,SELL,127.515,5052
1758411731085335361,SELL,127.517,4981
1758411731085335361,SELL,127.53,5014
1758411731085335361,SELL,127.53,4826
1758411731085335361,SELL,127.536,5097
1758411731085335361,SELL,127.546,5045
1758411731085335361,SELL,127.56,4968
1758411731085335361,SELL,127.613,5036
1758411731085547380,BUY,127.49,10
1758411731085547380,BUY,127.486,5098
1758411731085547380,BUY,127.48,5070
1758411731085547380,BUY,127.472,323
1758411731085547380,BUY,127.47,10
1758411731085547380,BUY,127.47,10
1758411731085547380,BUY,127.468,4916
1758411731085547380,BUY,127.465,4831
1758411731085547380,BUY,127.463,10
1758411731085547380,BUY,127.463,4984
1758411731085547380,BUY,127.46,5057
1758411731085547380,BUY,127.46,5046
1758411731085547380,BUY,127.453,5035
1758411731085547380,BUY,127.45,10
1758411731085547380,BUY,127.45,10
1758411731085547380,BUY,127.447,10
1758411731085547380,BUY,127.44,5005
1758411731085547380,BUY,127.44,4935
1758411731085547380,BUY,127.437,5020
1758411731085547380,BUY,127.422,10
1758411731085547380,BUY,127.418,10
1758411731085547380,BUY,127.412,4951
1758411731085547380,BUY,127.408,5066
1758411731085547380,SELL,127.493,28
1758411731085547380,SELL,127.494,4960
1758411731085547380,SELL,127.5,5070
1758411731085547380,SELL,127.506,5098
1758411731085547380,SELL,127.511,5123
1758411731085547380,SELL,127.512,4869
1758411731085547380,SELL,127.515,5052
1758411731085547380,SELL,127.517,4981
1758411731085547380,SELL,127.53,5014
1758411731085547380,SELL,127.53,4826
1758411731085547380,SELL,127.536,5097
1758411731085547380,SELL,127.546,5045
1758411731085547380,SELL,127.56,4968
1758411731085547380,SELL,127.613,5036
1758411731085756242,BUY,127.49,10
1758411731085756242,BUY,127.486,5098
1758411731085756242,BUY,127.48,5070
1758411731085756242,BUY,127.472,323
1758411731085756242,BUY,127.47,10
1758411731085756242,BUY,127.47,10
1758411731085756242,BUY,127.468,4916
1758411731085756242,BUY,127.465,4831
1758411731085756242,BUY,127.463,10
1758411731085756242,BUY,127.463,4984
1758411731085756242,BUY,127.46,5057
1758411731085756242,BUY,127.46,5046
1758411731085756242,BUY,127.453,5035
1758411731085756242,BUY,127.45,10
1758411731085756242,BUY,127.45,10
1758411731085756242,BUY,127.447,10
1758411731085756242,BUY,127.44,5005
1758411731085756242,BUY,127.44,4935
1758411731085756242,BUY,127.437,5020
1758411731085756242,BUY,127.422,10
1758411731085756242,BUY,127.418,10
1758411731085756242,BUY,127.412,4951
1758411731085756242,BUY,127.408,5066
1758411731085756242,SELL,127.493,28
1758411731085756242,SELL,127.494,4960
1758411731085756242,SELL,127.5,5070
1758411731085756242,SELL,127.506,5098
1758411731085756242,SELL,127.511,5123
1758411731085756242,SELL,127.512,4869
1758411731085756242,SELL,127.515,5052
1758411731085756242,SELL,127.517,4981
1758411731085756242,SELL,127.53,5014
1758411731085756242,SELL,127.53,4826
1758411731085756242,SELL,127.536,5097
1758411731085756242,SELL,127.546,5045
1758411731085756242,SELL,127.56,4968
1758411731085756242,SELL,127.613,5036
1758411731085953685,BUY,127.49,10
1758411731085953685,BUY,127.486,5098
1758411731085953685,BUY,127.48,5070
1758411731085953685,BUY,127.472,323
1758411731085953685,BUY,127.47,10
1758411731085953685,BUY,127.47,10
1758411731085953685,BUY,127.468,4916
1758411731085953685,BUY,127.465,4831
1758411731085953685,BUY,127.463,10
1758411731085953685,BUY,127.463,4984
1758411731085953685,BUY,127.462,5061
1758411731085953685,BUY,127.46,5057
1758411731085953685,BUY,127.46,5046
1758411731085953685,BUY,127.453,5035
1758411731085953685,BUY,127.45,10
1758411731085953685,BUY,127.45,10
1758411731085953685,BUY,127.447,10
1758411731085953685,BUY,127.44,5005
1758411731085953685,BUY,127.44,4935
1758411731085953685,BUY,127.437,5020
1758411731085953685,BUY,127.422,10
1758411731085953685,BUY,127.418,10
1758411731085953685,BUY,127.412,4951
1758411731085953685,BUY,127.408,5066
1758411731085953685,SELL,127.493,28
1758411731085953685,SELL,127.494,4960
1758411731085953685,SELL,127.5,5070
1758411731085953685,SELL,127.506,5098
1758411731085953685,SELL,127.511,5123
1758411731085953685,SELL,127.512,4869
1758411731085953685,SELL,127.515,5052
1758411731085953685,SELL,127.517,4981
1758411731085953685,SELL,127.53,5014
1758411731085953685,SELL,127.53,4826
1758411731085953685,SELL,127.536,5097
1758411731085953685,SELL,127.546,5045
1758411731085953685,SELL,127.56,4968
1758411731085953685,SELL,127.613,5036
1758411731086160753,BUY,127.486,47
1758411731086160753,BUY,127.48,5070
1758411731086160753,BUY,127.472,323
1758411731086160753,BUY,127.47,10
1758411731086160753,BUY,127.47,10
1758411731086160753,BUY,127.468,4916
1758411731086160753,BUY,127.465,4831
1758411731086160753,BUY,127.463,10
1758411731086160753,BUY,127.463,4984
1758411731086160753,BUY,127.462,5061
1758411731086160753,BUY,127.46,5057
1758411731086160753,BUY,127.46,5046
1758411731086160753,BUY,127.453,5035
1758411731086160753,BUY,127.45,10
1758411731086160753,BUY,127.45,10
1758411731086160753,BUY,127.447,10
1758411731086160753,BUY,127.44,5005
1758411731086160753,BUY,127.44,4935
1758411731086160753,BUY,127.437,5020
1758411731086160753,BUY,127.422,10
1758411731086160753,BUY,127.418,10
1758411731086160753,BUY,127.412,4951
1758411731086160753,BUY,127.408,5066
1758411731086160753,SELL,127.493,28
1758411731086160753,SELL,127.494,4960
1758411731086160753,SELL,127.5,5070
1758411731086160753,SELL,127.506,5098
1758411731086160753,SELL,127.511,5123
1758411731086160753,SELL,127.512,4869
1758411731086160753,SELL,127.515,5052
1758411731086160753,SELL,127.517,4981
1758411731086160753,SELL,127.53,5014
1758411731086160753,SELL,127.53,4826
1758411731086160753,SELL,127.536,5097
1758411731086160753,SELL,127.546,5045
1758411731086160753,SELL,127.56,4968
1758411731086160753,SELL,127.613,5036
1758411731086367496,BUY,127.486,47
1758411731086367496,BUY,127.48,5070
1758411731086367496,BUY,127.472,10
1758411731086367496,BUY,127.472,323
1758411731086367496,BUY,127.47,10
1758411731086367496,BUY,127.47,10
1758411731086367496,BUY,127.468,4916
1758411731086367496,BUY,127.465,4831
1758411731086367496,BUY,127.463,10
1758411731086367496,BUY,127.463,4984
1758411731086367496,BUY,127.462,5061
1758411731086367496,BUY,127.46,5057
1758411731086367496,BUY,127.46,5046
1758411731086367496,BUY,127.453,5035
1758411731086367496,BUY,127.45,10
1758411731086367496,BUY,127.45,10
1758411731086367496,BUY,127.447,10
1758411731086367496,BUY,127.44,5005
1758411731086367496,BUY,127.44,4935
1758411731086367496,BUY,127.437,5020
1758411731086367496,BUY,127.422,10
1758411731086367496,BUY,127.418,10
1758411731086367496,BUY,127.412,4951
1758411731086367496,BUY,127.408,5066
1758411731086367496,SELL,127.493,28
1758411731086367496,SELL,127.494,4960
1758411731086367496,SELL,127.5,5070
1758411731086367496,SELL,127.506,5098
1758411731086367496,SELL,127.511,5123
1758411731086367496,SELL,127.512,4869
1758411731086367496,SELL,127.515,5052
1758411731086367496,SELL,127.517,4981
1758411731086367496,SELL,127.53,5014
1758411731086367496,SELL,127.53,4826
1758411731086367496,SELL,127.536,5097
1758411731086367496,SELL,127.546,5045
1758411731086367496,SELL,127.56,4968
1758411731086367496,SELL,127.613,5036
1758411731086573603,BUY,127.486,47
1758411731086573603,BUY,127.48,5070
1758411731086573603,BUY,127.472,10
1758411731086573603,BUY,127.472,323
1758411731086573603,BUY,127.47,10
1758411731086573603,BUY,127.47,10
1758411731086573603,BUY,127.468,4916
1758411731086573603,BUY,127.465,4831
1758411731086573603,BUY,127.463,10
1758411731086573603,BUY,127.463,4984
1758411731086573603,BUY,127.462,5061
1758411731086573603,BUY,127.46,5057
1758411731086573603,BUY,127.46,5046
1758411731086573603,BUY,127.453,5035
1758411731086573603,BUY,127.45,10
1758411731086573603,BUY,127.45,10
1758411731086573603,BUY,127.447,10
1758411731086573603,BUY,127.44,5005
1758411731086573603,BUY,127.44,4935
1758411731086573603,BUY,127.437,5020
1758411731086573603,BUY,127.422,10
1758411731086573603,BUY,127.418,10
1758411731086573603,BUY,127.412,4951
1758411731086573603,BUY,127.408,5066
1758411731086573603,SELL,127.493,28
1758411731086573603,SELL,127.494,4960
1758411731086573603,SELL,127.5,5070
1758411731086573603,SELL,127.506,5098
1758411731086573603,SELL,127.511,5123
1758411731086573603,SELL,127.512,4869
1758411731086573603,SELL,127.515,5052
1758411731086573603,SELL,127.517,4981
1758411731086573603,SELL,127.53,5014
1758411731086573603,SELL,127.53,4826
1758411731086573603,SELL,127.536,5097
1758411731086573603,SELL,127.546,5045
1758411731086573603,SELL,127.56,4968
1758411731086573603,SELL,127.613,5036
1758411731086764341,BUY,127.486,47
1758411731086764341,BUY,127.48,5070
1758411731086764341,BUY,127.472,10
1758411731086764341,BUY,127.472,323
1758411731086764341,BUY,127.47,10
1758411731086764341,BUY,127.47,10
1758411731086764341,BUY,127.468,4916
1758411731086764341,BUY,127.465,4831
1758411731086764341,BUY,127.463,10
1758411731086764341,BUY,127.463,4984
1758411731086764341,BUY,127.462,5061
1758411731086764341,BUY,127.46,5057
1758411731086764341,BUY,127.46,5046
1758411731086764341,BUY,127.453,5035
1758411731086764341,BUY,127.45,10
1758411731086764341,BUY,127.45,10
1758411731086764341,BUY,127.447,10
1758411731086764341,BUY,127.44,5005
1758411731086764341,BUY,127.44,4935
1758411731086764341,BUY,127.437,5020
1758411731086764341,BUY,127.425,5128
1758411731086764341,BUY,127.422,10
1758411731086764341,BUY,127.418,10
1758411731086764341,BUY,127.412,4951
1758411731086764341,BUY,127.408,5066
1758411731086764341,SELL,127.493,28
1758411731086764341,SELL,127.494,4960
1758411731086764341,SELL,127.5,5070
1758411731086764341,SELL,127.506,5098
1758411731086764341,SELL,127.511,5123
1758411731086764341,SELL,127.512,4869
1758411731086764341,SELL,127.515,5052
1758411731086764341,SELL,127.517,4981
1758411731086764341,SELL,127.53,5014
1758411731086764341,SELL,127.53,4826
1758411731086764341,SELL,127.536,5097
1758411731086764341,SELL,127.546,5045
1758411731086764341,SELL,127.56,4968
1758411731086764341,SELL,127.613,5036
1758411731086978612,BUY,127.472,322
1758411731086978612,BUY,127.47,10
1758411731086978612,BUY,127.47,10
1758411731086978612,BUY,127.468,4916
1758411731086978612,BUY,127.465,4831
1758411731086978612,BUY,127.463,10
1758411731086978612,BUY,127.463,4984
1758411731086978612,BUY,127.462,5061
1758411731086978612,BUY,127.46,5057
1758411731086978612,BUY,127.46,5046
1758411731086978612,BUY,127.453,5035
1758411731086978612,BUY,127.45,10
1758411731086978612,BUY,127.45,10
1758411731086978612,BUY,127.447,10
1758411731086978612,BUY,127.44,5005
1758411731086978612,BUY,127.44,4935
1758411731086978612,BUY,127.437,5020
1758411731086978612,BUY,127.425,5128
1758411731086978612,BUY,127.422,10
1758411731086978612,BUY,127.418,10
1758411731086978612,BUY,127.412,4951
1758411731086978612,BUY,127.408,5066
1758411731086978612,SELL,127.493,28
1758411731086978612,SELL,127.494,4960
1758411731086978612,SELL,127.5,5070
1758411731086978612,SELL,127.506,5098
1758411731086978612,SELL,127.511,5123
1758411731086978612,SELL,127.512,4869
1758411731086978612,SELL,127.515,5052
1758411731086978612,SELL,127.517,4981
1758411731086978612,SELL,127.53,5014
1758411731086978612,SELL,127.53,4826
1758411731086978612,SELL,127.536,5097
1758411731086978612,SELL,127.546,5045
1758411731086978612,SELL,127.56,4968
1758411731086978612,SELL,127.613,5036
1758411731087189992,BUY,127.472,322
1758411731087189992,BUY,127.47,10
1758411731087189992,BUY,127.47,10
1758411731087189992,BUY,127.468,4916
1758411731087189992,BUY,127.465,4831
1758411731087189992,BUY,127.463,10
1758411731087189992,BUY,127.463,4984
1758411731087189992,BUY,127.462,5061
1758411731087189992,BUY,127.46,5057
1758411731087189992,BUY,127.46,5046
1758411731087189992,BUY,127.453,5035
1758411731087189992,BUY,127.45,10
1758411731087189992,BUY,127.45,10
1758411731087189992,BUY,127.447,10
1758411731087189992,BUY,127.44,5005
1758411731087189992,BUY,127.44,4935
1758411731087189992,BUY,127.437,5020
1758411731087189992,BUY,127.435,10
1758411731087189992,BUY,127.425,5128
1758411731087189992,BUY,127.422,10
1758411731087189992,BUY,127.418,10
1758411731087189992,BUY,127.412,4951
1758411731087189992,BUY,127.408,5066
1758411731087189992,SELL,127.493,28
1758411731087189992,SELL,127.494,4960
1758411731087189992,SELL,127.5,5070
1758411731087189992,SELL,127.506,5098
1758411731087189992,SELL,127.511,5123
1758411731087189992,SELL,127.512,4869
1758411731087189992,SELL,127.515,5052
1758411731087189992,SELL,127.517,4981
1758411731087189992,SELL,127.53,5014
1758411731087189992,SELL,127.53,4826
1758411731087189992,SELL,127.536,5097
1758411731087189992,SELL,127.546,5045
1758411731087189992,SELL,127.56,4968
1758411731087189992,SELL,127.613,5036
1758411731087759210,BUY,127.472,322
1758411731087759210,BUY,127.47,10
1758411731087759210,BUY,127.47,10
1758411731087759210,BUY,127.468,4916
1758411731087759210,BUY,127.465,4831
1758411731087759210,BUY,127.463,10
1758411731087759210,BUY,127.463,4984
1758411731087759210,BUY,127.462,5061
1758411731087759210,BUY,127.46,5057
1758411731087759210,BUY,127.46,5046
1758411731087759210,BUY,127.453,5035
1758411731087759210,BUY,127.45,10
1758411731087759210,BUY,127.45,10
1758411731087759210,BUY,127.447,10
1758411731087759210,BUY,127.44,5005
1758411731087759210,BUY,127.44,4935
1758411731087759210,BUY,127.437,5020
1758411731087759210,BUY,127.435,10
1758411731087759210,BUY,127.425,5128
1758411731087759210,BUY,127.422,10
1758411731087759210,BUY,127.418,10
1758411731087759210,BUY,127.412,4951
1758411731087759210,BUY,127.408,5066
1758411731087759210,SELL,127.493,28
1758411731087759210,SELL,127.494,4960
1758411731087759210,SELL,127.5,5070
1758411731087759210,SELL,127.506,5098
1758411731087759210,SELL,127.511,5123
1758411731087759210,SELL,127.512,4869
1758411731087759210,SELL,127.515,5052
1758411731087759210,SELL,127.517,4981
1758411731087759210,SELL,127.53,5014
1758411731087759210,SELL,127.53,4826
1758411731087759210,SELL,127.536,5097
1758411731087759210,SELL,127.546,5045
1758411731087759210,SELL,127.56,4968
1758411731087759210,SELL,127.613,5036
1758411731088417718,BUY,127.48,4924
1758411731088417718,BUY,127.472,322
1758411731088417718,BUY,127.47,10
1758411731088417718,BUY,127.47,10
1758411731088417718,BUY,127.468,4916
1758411731088417718,BUY,127.465,4831
1758411731088417718,BUY,127.463,10
1758411731088417718,BUY,127.463,4984
1758411731088417718,BUY,127.462,5061
1758411731088417718,BUY,127.46,5057
1758411731088417718,BUY,127.46,5046
1758411731088417718,BUY,127.453,5035
1758411731088417718,BUY,127.45,10
1758411731088417718,BUY,127.45,10
1758411731088417718,BUY,127.447,10
1758411731088417718,BUY,127.44,5005
1758411731088417718,BUY,127.44,4935
1758411731088417718,BUY,127.437,5020
1758411731088417718,BUY,127.435,10
1758411731088417718,BUY,127.425,5128
1758411731088417718,BUY,127.422,10
1758411731088417718,BUY,127.418,10
1758411731088417718,BUY,127.412,4951
1758411731088417718,BUY,127.408,5066
1758411731088417718,SELL,127.493,28
1758411731088417718,SELL,127.494,4960
1758411731088417718,SELL,127.5,5070
1758411731088417718,SELL,127.506,5098
1758411731088417718,SELL,127.511,5123
1758411731088417718,SELL,127.512,4869
1758411731088417718,SELL,127.515,5052
1758411731088417718,SELL,127.517,4981
1758411731088417718,SELL,127.53,5014
1758411731088417718,SELL,127.53,4826
1758411731088417718,SELL,127.536,5097
1758411731088417718,SELL,127.546,5045
1758411731088417718,SELL,127.56,4968
1758411731088417718,SELL,127.613,5036
1758411731089003960,BUY,127.48,4924
1758411731089003960,BUY,127.472,322
1758411731089003960,BUY,127.47,10
1758411731089003960,BUY,127.47,10
1758411731089003960,BUY,127.468,4916
1758411731089003960,BUY,127.465,4831
1758411731089003960,BUY,127.463,10
1758411731089003960,BUY,127.463,4984
1758411731089003960,BUY,127.462,5061
1758411731089003960,BUY,127.46,5057
1758411731089003960,BUY,127.46,5046
1758411731089003960,BUY,127.453,5035
1758411731089003960,BUY,127.45,10
1758411731089003960,BUY,127.45,10
1758411731089003960,BUY,127.447,10
1758411731089003960,BUY,127.44,5005
1758411731089003960,BUY,127.44,4935
1758411731089003960,BUY,127.437,5020
1758411731089003960,BUY,127.435,10
1758411731089003960,BUY,127.425,5128
1758411731089003960,BUY,127.422,10
1758411731089003960,BUY,127.418,10
1758411731089003960,BUY,127.412,4951
1758411731089003960,BUY,127.408,5066
1758411731089003960,SELL,127.493,28
1758411731089003960,SELL,127.494,4960
1758411731089003960,SELL,127.5,5070
1758411731089003960,SELL,127.5,4924
1758411731089003960,SELL,127.506,5098
1758411731089003960,SELL,127.511,5123
1758411731089003960,SELL,127.512,4869
1758411731089003960,SELL,127.515,5052
1758411731089003960,SELL,127.517,4981
1758411731089003960,SELL,127.53,5014
1758411731089003960,SELL,127.53,4826
1758411731089003960,SELL,127.536,5097
1758411731089003960,SELL,127.546,5045
1758411731089003960,SELL,127.56,4968
1758411731089003960,SELL,127.613,5036
1758411731089812240,BUY,127.49,10
1758411731089812240,BUY,127.48,4924
1758411731089812240,BUY,127.472,322
1758411731089812240,BUY,127.47,10
1758411731089812240,BUY,127.47,10
1758411731089812240,BUY,127.468,4916
1758411731089812240,BUY,127.465,4831
1758411731089812240,BUY,127.463,10
1758411731089812240,BUY,127.463,4984
1758411731089812240,BUY,127.462,5061
1758411731089812240,BUY,127.46,5057
1758411731089812240,BUY,127.46,5046
1758411731089812240,BUY,127.453,5035
1758411731089812240,BUY,127.45,10
1758411731089812240,BUY,127.45,10
1758411731089812240,BUY,127.447,10
1758411731089812240,BUY,127.44,5005
1758411731089812240,BUY,127.44,4935
1758411731089812240,BUY,127.437,5020
1758411731089812240,BUY,127.435,10
1758411731089812240,BUY,127.425,5128
1758411731089812240,BUY,127.422,10
1758411731089812240,BUY,127.418,10
1758411731089812240,BUY,127.412,4951
1758411731089812240,BUY,127.408,5066
1758411731089812240,SELL,127.493,28
1758411731089812240,SELL,127.494,4960
1758411731089812240,SELL,127.5,5070
1758411731089812240,SELL,127.5,4924
1758411731089812240,SELL,127.506,5098
1758411731089812240,SELL,127.511,5123
1758411731089812240,SELL,127.512,4869
1758411731089812240,SELL,127.515,5052
1758411731089812240,SELL,127.517,4981
1758411731089812240,SELL,127.53,5014
1758411731089812240,SELL,127.53,4826
1758411731089812240,SELL,127.536,5097
1758411731089812240,SELL,127.546,5045
1758411731089812240,SELL,127.56,4968
1758411731089812240,SELL,127.613,5036
1758411731090770980,BUY,127.49,10
1758411731090770980,BUY,127.48,4924
1758411731090770980,BUY,127.472,322
1758411731090770980,BUY,127.47,10
1758411731090770980,BUY,127.47,10
1758411731090770980,BUY,127.468,4916
1758411731090770980,BUY,127.465,4831
1758411731090770980,BUY,127.463,10
1758411731090770980,BUY,127.463,4984
1758411731090770980,BUY,127.462,5061
1758411731090770980,BUY,127.46,5057
1758411731090770980,BUY,127.46,5046
1758411731090770980,BUY,127.453,5035
1758411731090770980,BUY,127.45,10
1758411731090770980,BUY,127.45,10
1758411731090770980,BUY,127.447,10
1758411731090770980,BUY,127.44,5005
1758411731090770980,BUY,127.44,4935
1758411731090770980,BUY,127.437,5020
1758411731090770980,BUY,127.435,10
1758411731090770980,BUY,127.425,5128
1758411731090770980,BUY,127.422,10
1758411731090770980,BUY,127.418,10
1758411731090770980,BUY,127.412,4951
1758411731090770980,BUY,127.408,5066
1758411731090770980,SELL,127.493,28
1758411731090770980,SELL,127.494,4960
1758411731090770980,SELL,127.5,5070
1758411731090770980,SELL,127.5,4924
1758411731090770980,SELL,127.506,5098
1758411731090770980,SELL,127.511,5123
1758411731090770980,SELL,127.512,4869
1758411731090770980,SELL,127.515,5052
1758411731090770980,SELL,127.517,4981
1758411731090770980,SELL,127.53,5014
1758411731090770980,SELL,127.53,4826
1758411731090770980,SELL,127.536,5097
1758411731090770980,SELL,127.546,5045
1758411731090770980,SELL,127.56,4968
1758411731090770980,SELL,127.613,5036
1758411731091419939,BUY,127.49,10
1758411731091419939,BUY,127.48,4924
1758411731091419939,BUY,127.472,322
1758411731091419939,BUY,127.47,10
1758411731091419939,BUY,127.47,10
1758411731091419939,BUY,127.468,4916
1758411731091419939,BUY,127.465,4831
1758411731091419939,BUY,127.463,10
1758411731091419939,BUY,127.463,4984
1758411731091419939,BUY,127.462,5061
1758411731091419939,BUY,127.46,5057
1758411731091419939,BUY,127.46,5046
1758411731091419939,BUY,127.453,5035
1758411731091419939,BUY,127.451,5023
1758411731091419939,BUY,127.45,10
1758411731091419939,BUY,127.45,10
1758411731091419939,BUY,127.447,10
1758411731091419939,BUY,127.44,5005
1758411731091419939,BUY,127.44,4935
1758411731091419939,BUY,127.437,5020
1758411731091419939,BUY,127.435,10
1758411731091419939,BUY,127.425,5128
1758411731091419939,BUY,127.422,10
1758411731091419939,BUY,127.418,10
1758411731091419939,BUY,127.412,4951
1758411731091419939,BUY,127.408,5066
1758411731091419939,SELL,127.493,28
1758411731091419939,SELL,127.494,4960
1758411731091419939,SELL,127.5,5070
1758411731091419939,SELL,127.5,4924
1758411731091419939,SELL,127.506,5098
1758411731091419939,SELL,127.511,5123
1758411731091419939,SELL,127.512,4869
1758411731091419939,SELL,127.515,5052
1758411731091419939,SELL,127.517,4981
1758411731091419939,SELL,127.53,5014
1758411731091419939,SELL,127.53,4826
1758411731091419939,SELL,127.536,5097
1758411731091419939,SELL,127.546,5045
1758411731091419939,SELL,127.56,4968
1758411731091419939,SELL,127.613,5036
1758411731092092023,BUY,127.472,233
1758411731092092023,BUY,127.47,10
1758411731092092023,BUY,127.47,10
1758411731092092023,BUY,127.468,4916
1758411731092092023,BUY,127.465,4831
1758411731092092023,BUY,127.463,10
1758411731092092023,BUY,127.463,4984
1758411731092092023,BUY,127.462,5061
1758411731092092023,BUY,127.46,5057
1758411731092092023,BUY,127.46,5046
1758411731092092023,BUY,127.453,5035
1758411731092092023,BUY,127.451,5023
1758411731092092023,BUY,127.45,10
1758411731092092023,BUY,127.45,10
1758411731092092023,BUY,127.447,10
1758411731092092023,BUY,127.44,5005
1758411731092092023,BUY,127.44,4935
1758411731092092023,BUY,127.437,5020
1758411731092092023,BUY,127.435,10
1758411731092092023,BUY,127.425,5128
1758411731092092023,BUY,127.422,10
1758411731092092023,BUY,127.418,10
1758411731092092023,BUY,127.412,4951
1758411731092092023,BUY,127.408,5066
1758411731092092023,SELL,127.493,28
1758411731092092023,SELL,127.494,4960
1758411731092092023,SELL,127.5,5070
1758411731092092023,SELL,127.5,4924
1758411731092092023,SELL,127.506,5098
1758411731092092023,SELL,127.511,5123
1758411731092092023,SELL,127.512,4869
1758411731092092023,SELL,127.515,5052
1758411731092092023,SELL,127.517,4981
1758411731092092023,SELL,127.53,5014
1758411731092092023,SELL,127.53,4826
1758411731092092023,SELL,127.536,5097
1758411731092092023,SELL,127.546,5045
1758411731092092023,SELL,127.56,4968
1758411731092092023,SELL,127.613,5036
1758411731092799385,BUY,127.472,233
1758411731092799385,BUY,127.47,10
1758411731092799385,BUY,127.47,10
1758411731092799385,BUY,127.468,4916
1758411731092799385,BUY,127.465,4831
1758411731092799385,BUY,127.463,10
1758411731092799385,BUY,127.463,4984
1758411731092799385,BUY,127.462,5061
1758411731092799385,BUY,127.461,10
1758411731092799385,BUY,127.46,5057
1758411731092799385,BUY,127.46,5046
1758411731092799385,BUY,127.453,5035
1758411731092799385,BUY,127.451,5023
1758411731092799385,BUY,127.45,10
1758411731092799385,BUY,127.45,10
1758411731092799385,BUY,127.447,10
1758411731092799385,BUY,127.44,5005
1758411731092799385,BUY,127.44,4935
1758411731092799385,BUY,127.437,5020
1758411731092799385,BUY,127.435,10
1758411731092799385,BUY,127.425,5128
1758411731092799385,BUY,127.422,10
1758411731092799385,BUY,127.418,10
1758411731092799385,BUY,127.412,4951
1758411731092799385,BUY,127.408,5066
1758411731092799385,SELL,127.493,28
1758411731092799385,SELL,127.494,4960
1758411731092799385,SELL,127.5,5070
1758411731092799385,SELL,127.5,4924
1758411731092799385,SELL,127.506,5098
1758411731092799385,SELL,127.511,5123
1758411731092799385,SELL,127.512,4869
1758411731092799385,SELL,127.515,5052
1758411731092799385,SELL,127.517,4981
1758411731092799385,SELL,127.53,5014
1758411731092799385,SELL,127.53,4826
1758411731092799385,SELL,127.536,5097
1758411731092799385,SELL,127.546,5045
1758411731092799385,SELL,127.56,4968
1758411731092799385,SELL,127.613,5036
1758411731093419696,BUY,127.472,233
1758411731093419696,BUY,127.47,10
1758411731093419696,BUY,127.47,10
1758411731093419696,BUY,127.468,4916
1758411731093419696,BUY,127.465,4831
1758411731093419696,BUY,127.463,10
1758411731093419696,BUY,127.463,4984
1758411731093419696,BUY,127.462,5061
1758411731093419696,BUY,127.461,10
1758411731093419696,BUY,127.46,5057
1758411731093419696,BUY,127.46,5046
1758411731093419696,BUY,127.453,5035
1758411731093419696,BUY,127.451,5023
1758411731093419696,BUY,127.45,10
1758411731093419696,BUY,127.45,10
1758411731093419696,BUY,127.447,10
1758411731093419696,BUY,127.44,5005
1758411731093419696,BUY,127.44,4935
1758411731093419696,BUY,127.437,5020
1758411731093419696,BUY,127.435,10
1758411731093419696,BUY,127.425,5128
1758411731093419696,BUY,127.422,10
1758411731093419696,BUY,127.418,10
1758411731093419696,BUY,127.412,4951
1758411731093419696,BUY,127.408,5066
1758411731093419696,SELL,127.493,28
1758411731093419696,SELL,127.494,4960
1758411731093419696,SELL,127.5,5070
1758411731093419696,SELL,127.5,4924
1758411731093419696,SELL,127.506,5098
1758411731093419696,SELL,127.511,5123
1758411731093419696,SELL,127.512,4869
1758411731093419696,SELL,127.515,5052
1758411731093419696,SELL,127.517,4981
1758411731093419696,SELL,127.53,5014
1758411731093419696,SELL,127.53,4826
1758411731093419696,SELL,127.536,5097
1758411731093419696,SELL,127.546,5045
1758411731093419696,SELL,127.56,4968
1758411731093419696,SELL,127.613,5036
1758411731094040935,BUY,127.48,5022
1758411731094040935,BUY,127.472,233
1758411731094040935,BUY,127.47,10
1758411731094040935,BUY,127.47,10
1758411731094040935,BUY,127.468,4916
1758411731094040935,BUY,127.465,4831
1758411731094040935,BUY,127.463,10
1758411731094040935,BUY,127.463,4984
1758411731094040935,BUY,127.462,5061
1758411731094040935,BUY,127.461,10
1758411731094040935,BUY,127.46,5057
1758411731094040935,BUY,127.46,5046
1758411731094040935,BUY,127.453,5035
1758411731094040935,BUY,127.451,5023
1758411731094040935,BUY,127.45,10
1758411731094040935,BUY,127.45,10
1758411731094040935,BUY,127.447,10
1758411731094040935,BUY,127.44,5005
1758411731094040935,BUY,127.44,4935
1758411731094040935,BUY,127.437,5020
1758411731094040935,BUY,127.435,10
1758411731094040935,BUY,127.425,5128
1758411731094040935,BUY,127.422,10
1758411731094040935,BUY,127.418,10
1758411731094040935,BUY,127.412,4951
1758411731094040935,BUY,127.408,5066
1758411731094040935,SELL,127.493,28
1758411731094040935,SELL,127.494,4960
1758411731094040935,SELL,127.5,5070
1758411731094040935,SELL,127.5,4924
1758411731094040935,SELL,127.506,5098
1758411731094040935,SELL,127.511,5123
1758411731094040935,SELL,127.512,4869
1758411731094040935,SELL,127.515,5052
1758411731094040935,SELL,127.517,4981
1758411731094040935,SELL,127.53,5014
1758411731094040935,SELL,127.53,4826
1758411731094040935,SELL,127.536,5097
1758411731094040935,SELL,127.546,5045
1758411731094040935,SELL,127.56,4968
1758411731094040935,SELL,127.613,5036
1758411731094711409,BUY,127.48,5022
1758411731094711409,BUY,127.472,233
1758411731094711409,BUY,127.47,10
1758411731094711409,BUY,127.47,10
1758411731094711409,BUY,127.468,4916
1758411731094711409,BUY,127.465,4831
