ts_ns,side,price,qty,buy_id,sell_id
1600000000000197079,BUY,127.49,10,6,2
1600000000000326856,BUY,127.49,10,12,2
1600000000000421714,BUY,127.49,10,18,8
1600000000000561756,BUY,127.49,10,24,8
1600000000000694854,BUY,127.49,10,30,8
1600000000000765093,BUY,127.5,10,36,26
1600000000000959230,BUY,127.5,10,42,26
1600000000001120181,BUY,127.5,10,45,38
1600000000001120181,BUY,127.5,10,48,38
1600000000001211472,BUY,127.5,10,54,50
1600000000001300277,BUY,127.5,10,57,38
1600000000001300277,BUY,127.5,10,60,38
1600000000001449108,BUY,127.5,10,66,62
1600000000001648623,BUY,127.5,10,72,68
1600000000001707913,BUY,127.5,10,78,74
1600000000001889196,BUY,127.5,10,84,80
1600000000002022830,BUY,127.49,10,90,86
1600000000002091902,BUY,127.49,10,96,86
1600000000002185192,BUY,127.49,10,102,92
1600000000002320378,BUY,127.49,10,108,86
1600000000002811695,BUY,127.48,10,144,140
1600000000002999587,BUY,127.48,10,150,140
1600000000003162652,BUY,127.48,10,156,146
1600000000003243051,BUY,127.48,10,162,140
1600000000003412425,BUY,127.48,10,168,152
1600000000003607499,BUY,127.48,10,174,146
1600000000003700597,BUY,127.48,10,180,140
1600000000003796108,BUY,127.48,10,186,152
1600000000003899351,BUY,127.48,10,192,146
1600000000004064482,BUY,127.48,10,198,140
1600000000004143232,BUY,127.48,10,204,152
1600000000004341614,BUY,127.48,10,210,188
1600000000004447012,BUY,127.48,10,216,146
1600000000004541357,BUY,127.48,10,222,194
1600000000007237914,BUY,127.46,10,348,344
1600000000007357291,BUY,127.46,10,354,344
1600000000007413707,BUY,127.46,10,360,350
1600000000007605412,BUY,127.46,10,366,344
1600000000007784197,BUY,127.46,10,372,356
1600000000008489199,BUY,127.46,10,396,350
1600000000008657442,BUY,127.46,10,402,362
1600000000008843375,BUY,127.46,10,408,344
1600000000008996445,BUY,127.46,10,414,368
1600000000009082571,BUY,127.46,10,420,356
1600000000009212953,BUY,127.46,10,426,392
1600000000009281181,BUY,127.46,10,432,398
1600000000009355190,BUY,127.46,10,438,344
1600000000009405284,BUY,127.46,10,444,356
1600000000009535920,BUY,127.46,10,450,422
1600000000009684373,BUY,127.46,10,456,350
1600000000009882875,BUY,127.46,10,462,344
1600000000009987361,BUY,127.46,10,468,356
1600000000010127871,BUY,127.46,10,474,392
1600000000010198731,BUY,127.46,10,480,350
1600000000010321543,BUY,127.46,10,486,404
1600000000010437630,BUY,127.46,10,492,344
1600000000010627188,BUY,127.46,10,498,416
1600000000010726795,BUY,127.46,10,504,356
1600000000010917612,BUY,127.46,10,510,422
1600000000011074276,BUY,127.46,10,516,392
1600000000011142606,BUY,127.46,10,522,476
1600000000011313409,BUY,127.46,10,528,350
1600000000011406745,BUY,127.46,10,534,482
1600000000011464815,BUY,127.46,10,540,404
1600000000011516135,BUY,127.46,10,546,488
1600000000011655178,BUY,127.46,10,552,416
1600000000011744099,BUY,127.46,10,558,500
1600000000011800688,BUY,127.46,10,564,356
1600000000011943683,BUY,127.46,10,570,506
1600000000012009272,BUY,127.46,10,576,422
1600000000012095647,BUY,127.46,10,582,512
1600000000012188732,BUY,127.46,10,588,392
1600000000012299572,BUY,127.46,10,594,518
1600000000012448276,BUY,127.46,10,600,476
1600000000013373314,BUY,127.46,10,642,524
1600000000013521702,BUY,127.46,10,648,350
1600000000013616547,BUY,127.46,10,654,530
1600000000013813549,BUY,127.46,10,660,482
1600000000014367414,BUY,127.46,10,684,536
1600000000014507202,BUY,127.46,10,690,404
1600000000014581205,BUY,127.46,10,696,542
1600000000014736927,BUY,127.46,10,702,488
1600000000014822066,BUY,127.46,10,708,494
1600000000014924518,BUY,127.46,10,714,416
1600000000014996723,BUY,127.46,10,720,554
1600000000015103678,BUY,127.46,10,726,500
1600000000015161142,BUY,127.46,10,732,560
1600000000015220982,BUY,127.46,10,738,566
1600000000015311750,BUY,127.46,10,744,506
1600000000015502283,BUY,127.46,10,750,572
1600000000015573210,BUY,127.46,10,756,512
1600000000015721832,BUY,127.46,10,762,590
1600000000015787161,BUY,127.46,10,768,476
1600000000015852952,BUY,127.46,10,774,644
1600000000015955579,BUY,127.46,10,780,650
1600000000016134464,BUY,127.46,10,786,530
1600000000016329908,BUY,127.46,10,792,656
1600000000016489462,BUY,127.46,10,798,482
1600000000016669898,BUY,127.46,10,804,680
1600000000016891341,BUY,127.46,10,816,536
1600000000016992749,BUY,127.46,10,822,686
1600000000017133690,BUY,127.46,10,828,404
1600000000017329996,BUY,127.46,10,834,692
1600000000017518600,BUY,127.46,10,840,542
1600000000017604016,BUY,127.46,10,846,698
1600000000017726455,BUY,127.46,10,852,488
1600000000017924021,BUY,127.46,10,864,704
1600000000018009270,BUY,127.46,10,870,494
1600000000018159394,BUY,127.46,10,876,710
1600000000018304443,BUY,127.46,10,882,416
1600000000019037701,BUY,127.46,10,912,716
1600000000019438475,BUY,127.46,10,930,554
1600000000019752318,BUY,127.46,10,942,722
1600000000019875188,BUY,127.46,10,948,500
1600000000019972575,BUY,127.46,10,954,728
1600000000020031879,BUY,127.46,10,960,560
1600000000020098911,BUY,127.46,10,966,356
1600000000020240202,BUY,127.46,10,972,566
1600000000020403091,BUY,127.46,10,978,740
1600000000020512577,BUY,127.46,10,984,506
1600000000020628129,BUY,127.46,10,990,746
1600000000020717373,BUY,127.46,10,996,578
1600000000020904387,BUY,127.46,10,1002,590
1600000000021005084,BUY,127.46,10,1008,476
1600000000021181115,BUY,127.46,10,1014,644
1600000000021233808,BUY,127.46,10,1020,530
1600000000021364906,BUY,127.46,10,1026,794
1600000000021421165,BUY,127.46,10,1032,680
1600000000021590911,BUY,127.46,10,1038,818
1600000000021748683,BUY,127.46,10,1044,824
1600000000021916611,BUY,127.46,10,1050,830
1600000000022102625,BUY,127.46,10,1056,836
1600000000022200044,BUY,127.46,10,1062,842
1600000000022352136,BUY,127.46,10,1065,698
1600000000022352136,BUY,127.46,10,1068,860
1600000000022458241,BUY,127.46,10,1074,494
1600000000022531645,BUY,127.46,10,1077,872
1600000000022531645,BUY,127.46,10,1080,878
1600000000022654301,BUY,127.46,10,1083,926
1600000000022654301,BUY,127.46,10,1086,722
1600000000022841075,BUY,127.46,10,1089,944
1600000000022841075,BUY,127.46,10,1092,728
1600000000022992040,BUY,127.46,10,1095,956
1600000000022992040,BUY,127.46,10,1098,356
1600000000023098372,BUY,127.46,10,1101,968
1600000000023098372,BUY,127.46,10,1104,974
1600000000023251554,BUY,127.46,10,1107,740
1600000000023251554,BUY,127.46,10,1110,506
1600000000023412949,BUY,127.46,10,1113,986
1600000000023412949,BUY,127.46,10,1116,572
1600000000023565568,BUY,127.46,10,1119,596
1600000000023565568,BUY,127.46,10,1122,782
1600000000023723837,BUY,127.46,10,1125,656
1600000000023723837,BUY,127.46,10,1128,800
1600000000023847681,BUY,127.46,10,1131,680
1600000000023847681,BUY,127.46,10,1134,818
1600000000024022664,BUY,127.46,10,1137,686
1600000000024022664,BUY,127.46,10,1140,830
1600000000024106806,BUY,127.46,10,1143,692
1600000000024106806,BUY,127.46,10,1146,542
1600000000024266505,BUY,127.46,10,1149,842
1600000000024266505,BUY,127.46,10,1152,860
1600000000024412731,BUY,127.46,10,1155,866
1600000000024412731,BUY,127.46,10,1158,710
1600000000024470124,BUY,127.46,10,1164,926
1600000000024622405,BUY,127.46,10,1167,938
1600000000024622405,BUY,127.46,10,1170,944
1600000000024681793,BUY,127.46,10,1173,950
1600000000024681793,BUY,127.46,10,1176,962
1600000000024794762,BUY,127.46,10,1182,740
1600000000024881422,BUY,127.46,10,1188,506
1600000000025020666,BUY,127.46,10,1194,746
1600000000025150210,BUY,127.46,10,1200,590
1600000000025331393,BUY,127.46,10,1206,530
1600000000025496763,BUY,127.46,10,1212,680
1600000000025564308,BUY,127.46,10,1215,536
1600000000025564308,BUY,127.46,10,1218,686
1600000000025747759,BUY,127.46,10,1221,404
1600000000025747759,BUY,127.46,10,1224,692
1600000000025885105,BUY,127.46,10,1227,836
1600000000025885105,BUY,127.46,10,1230,488
1600000000025952914,BUY,127.46,10,1236,872
1600000000026030881,BUY,127.46,10,1239,710
1600000000026030881,BUY,127.46,10,1242,938
1600000000026221701,BUY,127.46,10,1245,722
1600000000026221701,BUY,127.46,10,1248,956
1600000000026295125,BUY,127.46,10,1251,962
1600000000026295125,BUY,127.46,10,1254,980
1600000000026453536,BUY,127.46,10,1257,986
1600000000026453536,BUY,127.46,10,1260,782
1600000000026573605,BUY,127.46,10,1263,536
1600000000026573605,BUY,127.46,10,1266,842
1600000000026712724,BUY,127.46,10,1269,710
1600000000026712724,BUY,127.46,10,1272,956
1600000000026799773,BUY,127.46,10,1275,980
1600000000026799773,BUY,127.46,10,1278,986
1600000000026877594,BUY,127.46,10,1281,536
1600000000026877594,BUY,127.46,10,1284,872
1600000000027023391,BUY,127.46,10,1287,956
1600000000027023391,BUY,127.46,10,1290,536
1600000000027221847,BUY,127.46,10,1293,956
1600000000027221847,BUY,127.47,10,1296,383
1600000000027349581,BUY,127.47,10,1299,428
1600000000027349581,BUY,127.47,10,1302,452
1600000000027537822,BUY,127.47,10,1305,464
1600000000027537822,BUY,127.47,10,1308,548
1600000000027685267,BUY,127.47,10,1311,617
1600000000027685267,BUY,127.47,10,1314,635
1600000000027739097,BUY,127.47,10,1317,671
1600000000027739097,BUY,127.47,10,1320,758
1600000000027876037,BUY,127.47,10,1323,776
1600000000027876037,BUY,127.47,10,1326,857
1600000000027989904,BUY,127.47,10,1329,899
1600000000027989904,BUY,127.47,10,1332,917
1600000000028072323,BUY,127.47,10,1335,992
1600000000028072323,BUY,127.47,10,1338,1010
1600000000028138991,BUY,127.47,10,1341,1028
1600000000028138991,BUY,127.47,10,1344,1046
1600000000028336309,BUY,127.47,10,1347,1058
1600000000028336309,BUY,127.47,10,1350,1160
1600000000028411305,BUY,127.47,10,1353,1184
1600000000028411305,BUY,127.47,10,1356,1202
1600000000028512617,BUY,127.47,10,1359,1232
1600000000028512617,BUY,127.47,10,1362,389
1600000000028696754,BUY,127.47,10,1365,452
1600000000028696754,BUY,127.47,10,1368,470
1600000000028757221,BUY,127.47,10,1371,611
1600000000028757221,BUY,127.47,10,1374,635
1600000000028835923,BUY,127.47,10,1377,752
1600000000028835923,BUY,127.47,10,1380,770
1600000000028980292,BUY,127.47,10,1383,893
1600000000028980292,BUY,127.47,10,1386,917
1600000000029105861,BUY,127.47,10,1389,1004
1600000000029105861,BUY,127.47,10,1392,1028
1600000000029209813,BUY,127.47,10,1395,1046
1600000000029209813,BUY,127.47,10,1398,1070
1600000000029293982,BUY,127.47,10,1401,1178
1600000000029293982,BUY,127.47,10,1404,1202
1600000000029360811,BUY,127.47,10,1407,383
1600000000029360811,BUY,127.47,10,1410,452
1600000000029415333,BUY,127.47,10,1413,470
1600000000029415333,BUY,127.47,10,1416,611
1600000000029551020,BUY,127.47,10,1419,671
1600000000029551020,BUY,127.47,10,1422,758
1600000000029721354,BUY,127.47,10,1425,893
1600000000029721354,BUY,127.47,10,1428,992
1600000000029889930,BUY,127.47,10,1431,1028
1600000000029889930,BUY,127.47,10,1434,1058
1600000000030057349,BUY,127.47,10,1437,1196
1600000000030057349,BUY,127.47,10,1440,383
1600000000030115048,BUY,127.47,10,1443,611
1600000000030115048,BUY,127.47,10,1446,857
1600000000030233213,BUY,127.47,10,1449,992
1600000000030233213,BUY,127.47,10,1452,1046
1600000000030358905,BUY,127.47,10,1455,1178
1600000000030358905,BUY,127.47,10,1458,383
1600000000030426346,BUY,127.47,10,1461,917
1600000000030426346,BUY,127.47,10,1464,1046
1600000000030507062,BUY,127.47,10,1467,857
1600000000030507062,BUY,127.48,10,1470,206
1600000000030619237,BUY,127.48,10,1473,188
1600000000030619237,BUY,127.48,10,1476,227
1600000000030676071,BUY,127.48,10,1479,233
1600000000030676071,BUY,127.48,10,1482,251
1600000000030744250,BUY,127.48,10,1485,257
1600000000030744250,BUY,127.48,10,1488,269
1600000000030820469,BUY,127.48,10,1491,275
1600000000030820469,BUY,127.48,10,1494,329
1600000000030973622,BUY,127.48,10,1497,335
1600000000030973622,BUY,127.48,10,1500,347
1600000000031170476,BUY,127.48,10,1503,353
1600000000031170476,BUY,127.48,10,1506,371
1600000000031295443,BUY,127.48,10,1509,395
1600000000031295443,BUY,127.48,10,1512,407
1600000000031447897,BUY,127.48,10,1515,425
1600000000031447897,BUY,127.48,10,1518,485
1600000000031507393,BUY,127.48,10,1521,497
1600000000031507393,BUY,127.48,10,1524,515
1600000000031603418,BUY,127.48,10,1527,521
1600000000031603418,BUY,127.48,10,1530,539
1600000000031713304,BUY,127.48,10,1533,545
1600000000031713304,BUY,127.48,10,1536,569
1600000000031767016,BUY,127.48,10,1539,581
1600000000031767016,BUY,127.48,10,1542,593
1600000000031911083,BUY,127.48,10,1545,647
1600000000031911083,BUY,127.48,10,1548,683
1600000000032006572,BUY,127.48,10,1551,695
1600000000032006572,BUY,127.48,10,1554,713
1600000000032089236,BUY,127.48,10,1557,731
1600000000032089236,BUY,127.48,10,1560,749
1600000000032282728,BUY,127.48,10,1563,791
1600000000032282728,BUY,127.48,10,1566,803
1600000000032338043,BUY,127.48,10,1569,821
1600000000032338043,BUY,127.48,10,1572,833
1600000000032463076,BUY,127.48,10,1575,839
1600000000032463076,BUY,127.48,10,1578,863
1600000000032630938,BUY,127.48,10,1581,869
1600000000032630938,BUY,127.48,10,1584,911
1600000000032759968,BUY,127.48,10,1587,929
1600000000032759968,BUY,127.48,10,1590,953
1600000000032873878,BUY,127.48,10,1593,959
1600000000032873878,BUY,127.48,10,1596,977
1600000000033044953,BUY,127.48,10,1599,983
1600000000033044953,BUY,127.48,10,1602,1076
1600000000033150872,BUY,127.48,10,1605,1088
1600000000033150872,BUY,127.48,10,1608,1100
1600000000033336076,BUY,127.48,10,1611,1106
1600000000033336076,BUY,127.48,10,1614,1136
1600000000033513229,BUY,127.48,10,1617,1142
1600000000033513229,BUY,127.48,10,1620,1154
1600000000033604827,BUY,127.48,10,1623,1166
1600000000033604827,BUY,127.48,10,1626,1214
1600000000033723033,BUY,127.48,10,1629,1220
1600000000033723033,BUY,127.48,10,1632,1244
1600000000033847933,BUY,127.48,10,1635,1250
1600000000033847933,BUY,127.48,10,1638,188
1600000000033924229,BUY,127.48,10,1641,194
1600000000033924229,BUY,127.48,10,1644,233
1600000000034123367,BUY,127.48,10,1647,245
1600000000034123367,BUY,127.48,10,1650,263
1600000000034248944,BUY,127.48,10,1653,269
1600000000034248944,BUY,127.48,10,1656,329
1600000000034376117,BUY,127.48,10,1659,335
1600000000034376117,BUY,127.48,10,1662,353
1600000000034490888,BUY,127.48,10,1665,365
1600000000034490888,BUY,127.48,10,1668,395
1600000000034618753,BUY,127.48,10,1671,401
1600000000034618753,BUY,127.48,10,1674,419
1600000000034767827,BUY,127.48,10,1677,425
1600000000034767827,BUY,127.48,10,1680,491
1600000000034854449,BUY,127.48,10,1683,497
1600000000034854449,BUY,127.48,10,1686,515
1600000000034940335,BUY,127.48,10,1689,521
1600000000034940335,BUY,127.48,10,1692,545
1600000000035131308,BUY,127.48,10,1695,563
1600000000035131308,BUY,127.48,10,1698,575
1600000000035237685,BUY,127.48,10,1701,581
1600000000035237685,BUY,127.48,10,1704,641
1600000000035370595,BUY,127.48,10,1707,647
1600000000035370595,BUY,127.48,10,1710,683
1600000000035539587,BUY,127.48,10,1713,689
1600000000035539587,BUY,127.48,10,1716,707
1600000000035738318,BUY,127.48,10,1719,713
1600000000035738318,BUY,127.48,10,1722,731
1600000000035804630,BUY,127.48,10,1725,743
1600000000035804630,BUY,127.48,10,1728,791
1600000000035856066,BUY,127.48,10,1731,797
1600000000035856066,BUY,127.48,10,1734,821
1600000000035933635,BUY,127.48,10,1737,827
1600000000035933635,BUY,127.48,10,1740,839
1600000000036100422,BUY,127.48,10,1743,851
1600000000036100422,BUY,127.48,10,1746,881
1600000000036240907,BUY,127.48,10,1749,911
1600000000036240907,BUY,127.48,10,1752,953
1600000000036393462,BUY,127.48,10,1755,959
1600000000036393462,BUY,127.48,10,1758,1064
1600000000036583839,BUY,127.48,10,1761,1076
1600000000036583839,BUY,127.48,10,1764,1094
1600000000036666485,BUY,127.48,10,1767,1100
1600000000036666485,BUY,127.48,10,1770,1136
1600000000036792611,BUY,127.48,10,1773,1142
1600000000036792611,BUY,127.48,10,1776,1154
1600000000036960533,BUY,127.48,10,1779,1166
1600000000036960533,BUY,127.48,10,1782,1220
1600000000037050963,BUY,127.48,10,1785,1238
1600000000037050963,BUY,127.48,10,1788,206
1600000000037223201,BUY,127.48,10,1791,188
1600000000037223201,BUY,127.48,10,1794,245
1600000000037341860,BUY,127.48,10,1797,257
1600000000037341860,BUY,127.48,10,1800,293
1600000000037507201,BUY,127.48,10,1803,329
1600000000037507201,BUY,127.48,10,1806,353
1600000000037561359,BUY,127.48,10,1809,365
1600000000037561359,BUY,127.48,10,1812,401
1600000000037685595,BUY,127.48,10,1815,407
1600000000037685595,BUY,127.48,10,1818,425
1600000000037811662,BUY,127.48,10,1821,485
1600000000037811662,BUY,127.48,10,1824,509
1600000000037871541,BUY,127.48,10,1827,515
1600000000037871541,BUY,127.48,10,1830,563
1600000000038058156,BUY,127.48,10,1833,569
1600000000038058156,BUY,127.48,10,1836,593
1600000000038220440,BUY,127.48,10,1839,641
1600000000038220440,BUY,127.48,10,1842,689
1600000000038354557,BUY,127.48,10,1845,695
1600000000038354557,BUY,127.48,10,1848,725
1600000000038448445,BUY,127.48,10,1851,731
1600000000038448445,BUY,127.48,10,1854,797
1600000000038528721,BUY,127.48,10,1857,815
1600000000038528721,BUY,127.48,10,1860,827
1600000000038583520,BUY,127.48,10,1863,833
1600000000038583520,BUY,127.48,10,1866,851
1600000000038746049,BUY,127.48,10,1869,911
1600000000038746049,BUY,127.48,10,1872,959
1600000000038920762,BUY,127.48,10,1875,1064
1600000000038920762,BUY,127.48,10,1878,1130
1600000000039060903,BUY,127.48,10,1881,1142
1600000000039060903,BUY,127.48,10,1884,1214
1600000000039225916,BUY,127.48,10,1887,1238
1600000000039225916,BUY,127.48,10,1890,206
1600000000039307584,BUY,127.48,10,1893,257
1600000000039307584,BUY,127.48,10,1896,329
1600000000039492767,BUY,127.48,10,1899,365
1600000000039492767,BUY,127.48,10,1902,419
1600000000039615159,BUY,127.48,10,1905,485
1600000000039615159,BUY,127.48,10,1908,515
1600000000039681649,BUY,127.48,10,1911,563
1600000000039681649,BUY,127.48,10,1914,593
1600000000039877218,BUY,127.48,10,1917,683
1600000000039877218,BUY,127.48,10,1920,725
1600000000040044437,BUY,127.48,10,1923,791
1600000000040044437,BUY,127.48,10,1926,815
1600000000040138541,BUY,127.48,10,1929,833
1600000000040138541,BUY,127.48,10,1932,953
1600000000040193857,BUY,127.48,10,1935,1064
1600000000040193857,BUY,127.48,10,1938,1166
1600000000040281987,BUY,127.48,10,1941,1238
1600000000040281987,BUY,127.48,10,1944,293
1600000000040439281,BUY,127.48,10,1947,365
1600000000040439281,BUY,127.48,10,1950,425
1600000000040519235,BUY,127.48,10,1953,545
1600000000040519235,BUY,127.48,10,1956,581
1600000000040682672,BUY,127.48,10,1959,713
1600000000040682672,BUY,127.48,10,1962,833
1600000000040877922,BUY,127.48,10,1965,1142
1600000000040877922,BUY,127.48,10,1968,257
1600000000041073745,BUY,127.48,10,1971,425
1600000000041073745,BUY,127.48,10,1974,683
1600000000041257861,BUY,127.48,10,1977,1142
1600000000041257861,BUY,127.48,10,1980,419
1600000000041371026,BUY,127.48,10,1983,257
1600000000041371026,BUY,127.48,10,1986,257
1600000000041563578,BUY,127.49,10,1989,92
1600000000041563578,BUY,127.49,10,1992,161
1600000000041680353,BUY,127.49,10,1995,173
1600000000041680353,BUY,127.49,10,1998,185
1600000000041867991,BUY,127.49,10,2001,215
1600000000041867991,BUY,127.49,10,2004,431
1600000000042003302,BUY,127.49,10,2007,443
1600000000042003302,BUY,127.49,10,2010,461
1600000000042106451,BUY,127.49,10,2013,551
1600000000042106451,BUY,127.49,10,2016,761
1600000000042290529,BUY,127.49,10,2019,773
1600000000042290529,BUY,127.49,10,2022,1001
1600000000042413090,BUY,127.49,10,2025,1019
1600000000042413090,BUY,127.49,10,2028,1031
1600000000042553800,BUY,127.49,10,2031,1043
1600000000042553800,BUY,127.49,10,2034,1061
1600000000042695999,BUY,127.49,10,2037,1118
1600000000042695999,BUY,127.49,10,2040,1181
1600000000042773325,BUY,127.49,10,2043,1205
1600000000042773325,BUY,127.49,10,2046,1235
1600000000042940597,BUY,127.49,10,2049,1484
1600000000042940597,BUY,127.49,10,2052,1580
1600000000043021736,BUY,127.49,10,2055,1598
1600000000043021736,BUY,127.49,10,2058,1610
1600000000043145374,BUY,127.49,10,2061,1628
1600000000043145374,BUY,127.49,10,2064,1640
1600000000043268026,BUY,127.49,10,2067,1652
1600000000043268026,BUY,127.49,10,2070,1670
1600000000043330963,BUY,127.49,10,2073,1682
1600000000043330963,BUY,127.49,10,2076,1694
1600000000043411124,BUY,127.49,10,2079,1700
1600000000043411124,BUY,127.49,10,2082,1724
1600000000043596579,BUY,127.49,10,2085,1730
1600000000043596579,BUY,127.49,10,2088,1748
1600000000043732435,BUY,127.49,10,2091,1754
1600000000043732435,BUY,127.49,10,2094,1766
1600000000043852478,BUY,127.49,10,2097,1772
1600000000043852478,BUY,127.49,10,2100,1784
1600000000044048285,BUY,127.49,10,2103,1808
1600000000044048285,BUY,127.49,10,2106,86
1600000000044158204,BUY,127.49,10,2109,161
1600000000044158204,BUY,127.49,10,2112,179
1600000000044290259,BUY,127.49,10,2115,215
1600000000044290259,BUY,127.49,10,2118,437
1600000000044425714,BUY,127.49,10,2121,455
1600000000044425714,BUY,127.49,10,2124,473
1600000000044513849,BUY,127.49,10,2127,761
1600000000044513849,BUY,127.49,10,2130,995
1600000000044648526,BUY,127.49,10,2133,1001
1600000000044648526,BUY,127.49,10,2136,1025
1600000000044728222,BUY,127.49,10,2139,1031
1600000000044728222,BUY,127.49,10,2142,1055
1600000000044913067,BUY,127.49,10,2145,1061
1600000000044913067,BUY,127.49,10,2148,1163
1600000000044988023,BUY,127.49,10,2151,1181
1600000000044988023,BUY,127.49,10,2154,1211
1600000000045053842,BUY,127.49,10,2157,1235
1600000000045053842,BUY,127.49,10,2160,1574
1600000000045105370,BUY,127.49,10,2163,1580
1600000000045105370,BUY,127.49,10,2166,1604
1600000000045283151,BUY,127.49,10,2169,1622
1600000000045283151,BUY,127.49,10,2172,1634
1600000000045419642,BUY,127.49,10,2175,1664
1600000000045419642,BUY,127.49,10,2178,1688
1600000000045514230,BUY,127.49,10,2181,1700
1600000000045514230,BUY,127.49,10,2184,1730
1600000000045663382,BUY,127.49,10,2187,1748
1600000000045663382,BUY,127.49,10,2190,1772
1600000000045841254,BUY,127.49,10,2193,1808
1600000000045841254,BUY,127.49,10,2196,179
1600000000045901373,BUY,127.49,10,2199,431
1600000000045901373,BUY,127.49,10,2202,455
1600000000046027266,BUY,127.49,10,2205,755
1600000000046027266,BUY,127.49,10,2208,773
1600000000046093433,BUY,127.49,10,2211,1019
1600000000046093433,BUY,127.49,10,2214,1043
1600000000046254215,BUY,127.49,10,2217,1118
1600000000046254215,BUY,127.49,10,2220,1205
1600000000046434990,BUY,127.49,10,2223,1484
1600000000046434990,BUY,127.49,10,2226,1598
1600000000046519879,BUY,127.49,10,2229,1652
1600000000046519879,BUY,127.49,10,2232,1724
1600000000046615557,BUY,127.49,10,2235,1742
1600000000046615557,BUY,127.49,10,2238,1766
1600000000046725819,BUY,127.49,10,2241,173
1600000000046725819,BUY,127.49,10,2244,443
1600000000046911572,BUY,127.49,10,2247,761
1600000000046911572,BUY,127.49,10,2250,1031
1600000000047041863,BUY,127.49,10,2253,1118
1600000000047041863,BUY,127.49,10,2256,1205
1600000000047157871,BUY,127.49,10,2259,1634
1600000000047157871,BUY,127.49,10,2262,1724
1600000000047352633,BUY,127.49,10,2265,173
1600000000047352633,BUY,127.49,10,2268,1031
1600000000047428545,BUY,127.49,10,2271,1181
1600000000047428545,BUY,127.49,10,2274,1700
1600000000047485018,BUY,127.49,10,2277,173
1600000000047485018,BUY,127.49,10,2280,1118
1600000000047684759,BUY,127.49,10,2283,1808
1600000000047684759,BUY,127.49,10,2286,1118
1600000000047834259,BUY,127.49,10,2289,1118
1600000000047834259,BUY,127.49,10,2292,1118
1600000000047923044,BUY,127.5,10,2295,113
1600000000047923044,BUY,127.5,10,2298,125
1600000000048074000,BUY,127.5,10,2301,137
1600000000048074000,BUY,127.5,10,2304,149
1600000000048243006,BUY,127.5,10,2307,197
1600000000048243006,BUY,127.5,10,2310,1079
1600000000048303838,BUY,127.5,10,2313,1097
1600000000048303838,BUY,127.5,10,2316,1109
1600000000048490295,BUY,127.5,10,2319,1145
1600000000048490295,BUY,127.5,10,2322,1157
1600000000048686075,BUY,127.5,10,2325,1175
1600000000048686075,BUY,127.5,10,2328,1223
1600000000048818822,BUY,127.5,10,2331,1247
1600000000048818822,BUY,127.5,10,2334,1268
1600000000048948929,BUY,127.5,10,2337,1280
1600000000048948929,BUY,127.5,10,2340,1298
1600000000049064357,BUY,127.5,10,2343,1316
1600000000049064357,BUY,127.5,10,2346,1346
1600000000049201200,BUY,127.5,10,2349,1358
1600000000049201200,BUY,127.5,10,2352,1370
1600000000049262202,BUY,127.5,10,2355,1388
1600000000049262202,BUY,127.5,10,2358,1406
1600000000049379703,BUY,127.5,10,2361,1430
1600000000049379703,BUY,127.5,10,2364,1448
1600000000049462259,BUY,127.5,10,2367,1466
1600000000049462259,BUY,127.5,10,2370,1490
1600000000049580222,BUY,127.5,10,2373,1502
1600000000049580222,BUY,127.5,10,2376,1532
1600000000049636785,BUY,127.5,10,2379,1796
1600000000049636785,BUY,127.5,10,2382,1820
1600000000049692625,BUY,127.5,10,2385,1832
1600000000049692625,BUY,127.5,10,2388,1844
1600000000049757779,BUY,127.5,10,2391,1856
1600000000049757779,BUY,127.5,10,2394,80
1600000000049831973,BUY,127.5,10,2397,119
1600000000049831973,BUY,127.5,10,2400,137
1600000000049905501,BUY,127.5,10,2403,1067
1600000000049905501,BUY,127.5,10,2406,1103
1600000000049959853,BUY,127.5,10,2409,1139
1600000000049959853,BUY,127.5,10,2412,1151
1600000000050010037,BUY,127.5,10,2415,1169
1600000000050010037,BUY,127.5,10,2418,1217
1600000000050201493,BUY,127.5,10,2421,1247
1600000000050201493,BUY,127.5,10,2424,1274
1600000000050265812,BUY,127.5,10,2427,1286
1600000000050265812,BUY,127.5,10,2430,1310
1600000000050436309,BUY,127.5,10,2433,1340
1600000000050436309,BUY,127.5,10,2436,1352
1600000000050542642,BUY,127.5,10,2439,1370
1600000000050542642,BUY,127.5,10,2442,1400
1600000000050633847,BUY,127.5,10,2445,1430
1600000000050633847,BUY,127.5,10,2448,1460
1600000000050694273,BUY,127.5,10,2451,1472
1600000000050694273,BUY,127.5,10,2454,1496
1600000000050751777,BUY,127.5,10,2457,1532
1600000000050751777,BUY,127.5,10,2460,1820
1600000000050918552,BUY,127.5,10,2463,1838
1600000000050918552,BUY,127.5,10,2466,1850
1600000000051001920,BUY,127.5,10,2469,1862
1600000000051001920,BUY,127.5,10,2472,131
1600000000051155761,BUY,127.5,10,2475,1067
1600000000051155761,BUY,127.5,10,2478,1109
1600000000051322505,BUY,127.5,10,2481,1145
1600000000051322505,BUY,127.5,10,2484,1217
1600000000051381229,BUY,127.5,10,2487,1268
1600000000051381229,BUY,127.5,10,2490,1310
1600000000051567385,BUY,127.5,10,2493,1346
1600000000051567385,BUY,127.5,10,2496,1400
1600000000051699682,BUY,127.5,10,2499,1448
1600000000051699682,BUY,127.5,10,2502,1466
1600000000051874781,BUY,127.5,10,2505,1496
1600000000051874781,BUY,127.5,10,2508,1814
1600000000052003653,BUY,127.5,10,2511,1832
1600000000052003653,BUY,127.5,10,2514,1862
1600000000052123986,BUY,127.5,10,2517,1067
1600000000052123986,BUY,127.5,10,2520,1268
1600000000052176582,BUY,127.5,10,2523,1346
1600000000052176582,BUY,127.5,10,2526,1460
1600000000052243749,BUY,127.5,10,2529,1814
1600000000052243749,BUY,127.5,10,2532,1862
1600000000052381593,BUY,127.5,10,2535,1247
1600000000052381593,BUY,127.5,10,2538,1460
1600000000052521344,BUY,127.5,10,2541,1067
1600000000052521344,BUY,127.5,10,2544,1067
1600000000052701161,BUY,127.5,10,2547,1067
1600000000052701161,BUY,127.51,10,2550,17
1600000000052831681,BUY,127.51,10,2553,56
1600000000052831681,BUY,127.51,10,2556,101
1600000000052940007,BUY,127.51,10,2559,1085
1600000000052940007,BUY,127.51,10,2562,1127
1600000000053067677,BUY,127.51,10,2565,1322
1600000000053067677,BUY,127.51,10,2568,1412
1600000000053259531,BUY,127.51,10,2571,1514
1600000000053259531,BUY,127.51,10,2574,1544
1600000000053333553,BUY,127.51,10,2577,1562
1600000000053333553,BUY,127.51,10,2580,1583
1600000000053468011,BUY,127.51,10,2583,1601
1600000000053468011,BUY,127.51,10,2586,1619
1600000000053663701,BUY,127.51,10,2589,1637
1600000000053663701,BUY,127.51,10,2592,1649
1600000000053862018,BUY,127.51,10,2595,1667
1600000000053862018,BUY,127.51,10,2598,1685
1600000000053995814,BUY,127.51,10,2601,1697
1600000000053995814,BUY,127.51,10,2604,1715
1600000000054186913,BUY,127.51,10,2607,1727
1600000000054186913,BUY,127.51,10,2610,1739
1600000000054381971,BUY,127.51,10,2613,1757
1600000000054381971,BUY,127.51,10,2616,1775
1600000000054542675,BUY,127.51,10,2619,1787
1600000000054542675,BUY,127.51,10,2622,1874
1600000000054727273,BUY,127.51,10,2625,2078
1600000000054727273,BUY,127.51,10,2628,2090
1600000000054821634,BUY,127.51,10,2631,2108
1600000000054821634,BUY,127.51,10,2634,2144
1600000000054909920,BUY,127.51,10,2637,2156
1600000000054909920,BUY,127.51,10,2640,11
1600000000054989453,BUY,127.51,10,2643,56
1600000000054989453,BUY,127.51,10,2646,107
1600000000055188841,BUY,127.51,10,2649,1121
1600000000055188841,BUY,127.51,10,2652,1322
1600000000055378612,BUY,127.51,10,2655,1514
1600000000055378612,BUY,127.51,10,2658,1556
1600000000055556053,BUY,127.51,10,2661,1577
1600000000055556053,BUY,127.51,10,2664,1595
1600000000055703132,BUY,127.51,10,2667,1613
1600000000055703132,BUY,127.51,10,2670,1637
1600000000055854092,BUY,127.51,10,2673,1661
1600000000055854092,BUY,127.51,10,2676,1685
1600000000055962557,BUY,127.51,10,2679,1703
1600000000055962557,BUY,127.51,10,2682,1727
1600000000056160302,BUY,127.51,10,2685,1751
1600000000056160302,BUY,127.51,10,2688,1769
1600000000056233697,BUY,127.51,10,2691,1868
1600000000056233697,BUY,127.51,10,2694,2078
1600000000056387859,BUY,127.51,10,2697,2084
1600000000056387859,BUY,127.51,10,2700,2108
1600000000056568563,BUY,127.51,10,2703,2138
1600000000056568563,BUY,127.51,10,2706,2156
1600000000056694500,BUY,127.51,10,2709,56
1600000000056694500,BUY,127.51,10,2712,1292
1600000000056874147,BUY,127.51,10,2715,1322
1600000000056874147,BUY,127.51,10,2718,1556
1600000000057044797,BUY,127.51,10,2721,1595
1600000000057044797,BUY,127.51,10,2724,1637
1600000000057225541,BUY,127.51,10,2727,1649
1600000000057225541,BUY,127.51,10,2730,1697
1600000000057367053,BUY,127.51,10,2733,1703
1600000000057367053,BUY,127.51,10,2736,1739
1600000000057556883,BUY,127.51,10,2739,1751
1600000000057556883,BUY,127.51,10,2742,1787
1600000000057673892,BUY,127.51,10,2745,1868
1600000000057673892,BUY,127.51,10,2748,2084
1600000000057868245,BUY,127.51,10,2751,2102
1600000000057868245,BUY,127.51,10,2754,2150
1600000000057950793,BUY,127.51,10,2757,2156
1600000000057950793,BUY,127.51,10,2760,1292
1600000000058019164,BUY,127.51,10,2763,1322
1600000000058019164,BUY,127.51,10,2766,1631
1600000000058175141,BUY,127.51,10,2769,1637
1600000000058175141,BUY,127.51,10,2772,1727
1600000000058239422,BUY,127.51,10,2775,1739
1600000000058239422,BUY,127.51,10,2778,1769
1600000000058425548,BUY,127.51,10,2781,1787
1600000000058425548,BUY,127.51,10,2784,2078
1600000000058575568,BUY,127.51,10,2787,2084
1600000000058575568,BUY,127.51,10,2790,2150
1600000000058733076,BUY,127.51,10,2793,2156
1600000000058733076,BUY,127.51,10,2796,1322
1600000000058849922,BUY,127.51,10,2799,1595
1600000000058849922,BUY,127.51,10,2802,1703
1600000000058994604,BUY,127.51,10,2805,1727
1600000000058994604,BUY,127.51,10,2808,1769
1600000000059073916,BUY,127.51,10,2811,1787
1600000000059073916,BUY,127.51,10,2814,2084
1600000000059238102,BUY,127.51,10,2817,2138
1600000000059238102,BUY,127.51,10,2820,1292
1600000000059292359,BUY,127.51,10,2823,1322
1600000000059292359,BUY,127.51,10,2826,1703
1600000000059489277,BUY,127.51,10,2829,1727
1600000000059489277,BUY,127.51,10,2832,2084
1600000000059565835,BUY,127.51,10,2838,2138
1600000000059659023,BUY,127.51,10,2841,2156
1600000000059659023,BUY,127.51,10,2844,1637
1600000000059853107,BUY,127.51,10,2847,1703
1600000000059853107,BUY,127.51,10,2850,2138
1600000000059936343,BUY,127.51,10,2853,2156
1600000000059936343,BUY,127.51,10,2856,2138
1600000000060031419,BUY,127.51,10,2859,2156
1600000000060031419,BUY,127.51,10,2862,2156
1600000000060129821,BUY,127.51,10,2865,2138
1600000000060129821,BUY,127.52,10,2868,35
1600000000060274288,BUY,127.52,10,2871,41
1600000000060274288,BUY,127.52,10,2874,71
1600000000060404625,BUY,127.52,10,2877,77
1600000000060404625,BUY,127.52,10,2880,1265
1600000000060570452,BUY,127.52,10,2883,1271
1600000000060570452,BUY,127.52,10,2886,1289
1600000000060694716,BUY,127.52,10,2889,1301
1600000000060694716,BUY,127.52,10,2892,1319
1600000000060762051,BUY,127.52,10,2898,1349
1600000000060855824,BUY,127.52,10,2904,1367
1600000000060934394,BUY,127.52,10,2910,1385
1600000000061072389,BUY,127.52,10,2916,1397
1600000000061163047,BUY,127.52,10,2922,1403
1600000000061333687,BUY,127.52,10,2928,1409
1600000000061456300,BUY,127.52,10,2934,1433
1600000000061564494,BUY,127.52,10,2940,1451
1600000000061726366,BUY,127.52,10,2946,1463
1600000000061884924,BUY,127.52,10,2952,1475
1600000000062003506,BUY,127.52,10,2958,1505
1600000000062197281,BUY,127.52,10,2964,1535
1600000000062296737,BUY,127.52,10,2967,1709
1600000000062296737,BUY,127.52,10,2970,1805
1600000000062402228,BUY,127.52,10,2973,1817
1600000000062402228,BUY,127.52,10,2976,1829
1600000000062460271,BUY,127.52,10,2982,1841
1600000000062613483,BUY,127.52,10,2988,1859
1600000000062731823,BUY,127.52,10,2994,1892
1600000000062923071,BUY,127.52,10,3000,1904
1600000000063108079,BUY,127.52,10,3006,1922
1600000000063189253,BUY,127.52,10,3009,1928
1600000000063189253,BUY,127.52,10,3012,1952
1600000000063321885,BUY,127.52,10,3018,2000
1600000000063460653,BUY,127.52,10,3024,2042
1600000000063636428,BUY,127.52,10,3030,2060
1600000000063794605,BUY,127.52,10,3036,2072
1600000000063870514,BUY,127.52,10,3042,2120
1600000000063964672,BUY,127.52,10,3048,2126
1600000000064154110,BUY,127.52,10,3054,2168
1600000000064328406,BUY,127.52,10,3060,2174
1600000000064437737,BUY,127.52,10,3066,2180
1600000000064636267,BUY,127.52,10,3072,2186
1600000000064773634,BUY,127.52,10,3078,2192
1600000000064889016,BUY,127.52,10,3084,2198
1600000000065013335,BUY,127.52,10,3090,2204
1600000000065074505,BUY,127.52,10,3096,2210
1600000000065244457,BUY,127.52,10,3102,2216
1600000000065374602,BUY,127.52,10,3108,2222
1600000000065530228,BUY,127.52,10,3114,2228
1600000000065596436,BUY,127.52,10,3120,2234
1600000000065786547,BUY,127.52,10,3126,2756
1600000000065851537,BUY,127.52,10,3132,2828
1600000000066218377,BUY,127.52,10,3144,2840
1600000000071089133,BUY,127.51,10,3378,3245
1600000000071322150,BUY,127.51,10,3390,3251
1600000000071511483,BUY,127.51,10,3396,3257
1600000000073928167,BUY,127.51,10,3516,3263
1600000000074907025,BUY,127.51,10,3570,3317
1600000000076046605,BUY,127.51,10,3624,3323
1600000000076158677,BUY,127.51,10,3630,3329
1600000000076302871,BUY,127.51,10,3636,3335
1600000000076492612,BUY,127.51,10,3642,3341
1600000000076655884,BUY,127.51,10,3648,3353
1600000000076946033,BUY,127.51,10,3660,3365
1600000000077146015,BUY,127.51,10,3666,3371
1600000000077252974,BUY,127.51,10,3672,3245
1600000000077399597,BUY,127.51,10,3678,3383
1600000000077581035,BUY,127.51,10,3684,3251
1600000000077679450,BUY,127.51,10,3690,3257
1600000000077854166,BUY,127.51,10,3696,3401
1600000000078025375,BUY,127.51,10,3702,3407
1600000000078085282,BUY,127.51,10,3708,3431
1600000000078231107,BUY,127.51,10,3714,3437
1600000000078313887,BUY,127.51,10,3720,3443
1600000000078398972,BUY,127.51,10,3726,3449
1600000000078469398,BUY,127.51,10,3732,3485
1600000000078526883,BUY,127.51,10,3735,3497
1600000000078526883,BUY,127.51,10,3738,3263
1600000000078626410,BUY,127.51,10,3741,3521
1600000000078626410,BUY,127.51,10,3744,3539
1600000000078801014,BUY,127.51,10,3747,3545
1600000000078801014,BUY,127.51,10,3750,3557
1600000000078942019,BUY,127.51,10,3753,3563
1600000000078942019,BUY,127.51,10,3756,3581
1600000000079050547,BUY,127.51,10,3759,3587
1600000000079050547,BUY,127.51,10,3762,3605
1600000000079221178,BUY,127.51,10,3765,3611
1600000000079221178,BUY,127.51,10,3768,3329
1600000000079298977,BUY,127.51,10,3771,3632
1600000000079298977,BUY,127.51,10,3774,3341
1600000000079496136,BUY,127.51,10,3777,3353
1600000000079496136,BUY,127.51,10,3780,3365
1600000000079684654,BUY,127.51,10,3783,3371
1600000000079684654,BUY,127.51,10,3786,3251
1600000000079829471,BUY,127.51,10,3789,3686
1600000000079829471,BUY,127.51,10,3792,3692
1600000000079937731,BUY,127.51,10,3795,3401
1600000000079937731,BUY,127.51,10,3798,3704
1600000000080133680,BUY,127.51,10,3801,3431
1600000000080133680,BUY,127.51,10,3804,3437
1600000000080196623,BUY,127.51,10,3807,3716
1600000000080196623,BUY,127.51,10,3810,3722
1600000000080388001,BUY,127.51,10,3813,3449
1600000000080388001,BUY,127.51,10,3816,3485
1600000000080559402,BUY,127.51,10,3819,3497
1600000000080559402,BUY,127.51,10,3822,3263
1600000000080636773,BUY,127.51,10,3825,3521
1600000000080636773,BUY,127.51,10,3828,3545
1600000000080785519,BUY,127.51,10,3834,3551
1600000000080936767,BUY,127.51,10,3840,3557
1600000000081121775,BUY,127.51,10,3846,3563
1600000000081197502,BUY,127.51,10,3852,3575
1600000000081361502,BUY,127.51,10,3858,3581
1600000000081475471,BUY,127.51,10,3864,3587
1600000000081594002,BUY,127.51,10,3870,3599
1600000000081683099,BUY,127.51,10,3876,3605
1600000000081783958,BUY,127.51,10,3882,3611
1600000000081890748,BUY,127.51,10,3888,3323
1600000000082006444,BUY,127.51,10,3894,3329
1600000000082072092,BUY,127.51,10,3900,3632
1600000000082183871,BUY,127.51,10,3906,3335
1600000000082340242,BUY,127.51,10,3912,3341
1600000000082426914,BUY,127.51,10,3918,3353
1600000000082546023,BUY,127.51,10,3924,3653
1600000000082630616,BUY,127.51,10,3930,3365
1600000000082825474,BUY,127.51,10,3936,3371
1600000000082885289,BUY,127.51,10,3942,3383
1600000000083080155,BUY,127.51,10,3948,3251
1600000000083151457,BUY,127.51,10,3954,3686
1600000000083286597,BUY,127.51,10,3960,3257
1600000000083409953,BUY,127.51,10,3966,3692
1600000000083509235,BUY,127.51,10,3972,3401
1600000000083687686,BUY,127.51,10,3978,3407
1600000000083859033,BUY,127.51,10,3984,3704
1600000000083932847,BUY,127.51,10,3990,3431
1600000000084064520,BUY,127.51,10,3996,3710
1600000000084166460,BUY,127.51,10,4002,3437
1600000000084303256,BUY,127.51,10,4008,3716
1600000000084389732,BUY,127.51,10,4014,3443
1600000000084572573,BUY,127.51,10,4020,3722
1600000000084664851,BUY,127.51,10,4026,3449
1600000000084730485,BUY,127.51,10,4032,3728
1600000000084906744,BUY,127.51,10,4038,3485
1600000000085098781,BUY,127.51,10,4044,3497
1600000000085656155,BUY,127.51,10,4074,3509
1600000000085830438,BUY,127.51,10,4080,3263
1600000000085944495,BUY,127.51,10,4086,3521
1600000000086073104,BUY,127.51,10,4092,3539
1600000000086265402,BUY,127.51,10,4098,3545
1600000000086438510,BUY,127.51,10,4104,3830
1600000000086498556,BUY,127.51,10,4110,3551
1600000000086666018,BUY,127.51,10,4116,3836
1600000000086825363,BUY,127.51,10,4122,3557
1600000000086912480,BUY,127.51,10,4128,3842
1600000000087092460,BUY,127.51,10,4134,3563
1600000000087278497,BUY,127.51,10,4140,3848
1600000000087345870,BUY,127.51,10,4146,3575
1600000000087441322,BUY,127.51,10,4152,3854
1600000000087497976,BUY,127.51,10,4158,3581
1600000000087671295,BUY,127.51,10,4164,3860
1600000000087826941,BUY,127.51,10,4170,3587
1600000000087903524,BUY,127.51,10,4176,3866
1600000000088047766,BUY,127.51,10,4182,3599
1600000000088235198,BUY,127.51,10,4188,3872
1600000000088339166,BUY,127.51,10,4194,3605
1600000000088523981,BUY,127.51,10,4200,3611
1600000000088712212,BUY,127.51,10,4206,3323
1600000000088893802,BUY,127.51,10,4212,3329
1600000000088960454,BUY,127.51,10,4218,3632
1600000000089123568,BUY,127.51,10,4224,3335
1600000000089704084,BUY,127.51,10,4248,3908
1600000000089961886,BUY,127.51,10,4260,3341
1600000000090113864,BUY,127.51,10,4266,3914
1600000000090295436,BUY,127.51,10,4272,3353
1600000000090528060,BUY,127.51,10,4284,3653
1600000000090684658,BUY,127.51,10,4290,3926
1600000000090871273,BUY,127.51,10,4296,3365
1600000000091017444,BUY,127.51,10,4302,3932
1600000000091187867,BUY,127.51,10,4308,3371
1600000000091244480,BUY,127.51,10,4314,3938
1600000000091404513,BUY,127.51,10,4320,3383
1600000000091530715,BUY,127.51,10,4326,3944
1600000000093473221,BUY,127.51,10,4434,3251
1600000000093647454,BUY,127.51,10,4440,3950
1600000000096436628,BUY,127.49,10,4578,4574
1600000000096620786,BUY,127.49,10,4584,4574
1600000000096685646,BUY,127.49,10,4590,4580
1600000000096752659,BUY,127.49,10,4596,4574
1600000000096941138,BUY,127.49,10,4602,4586
1600000000097024680,BUY,127.49,10,4608,4580
1600000000097099615,BUY,127.49,10,4614,4592
1600000000097198694,BUY,127.49,10,4620,4598
1600000000097282805,BUY,127.49,10,4626,4580
1600000000097389355,BUY,127.49,10,4632,4592
1600000000097516310,BUY,127.49,10,4638,4604
1600000000097606875,BUY,127.49,10,4641,4580
1600000000097606875,BUY,127.49,10,4644,4604
1600000000097676158,BUY,127.49,10,4647,4580
1600000000097676158,BUY,127.49,10,4650,4580
1600000000097792628,BUY,127.5,10,4656,4565
1600000000097929544,BUY,127.5,10,4662,4622
1600000000098059096,BUY,127.5,10,4668,4634
1600000000098147329,BUY,127.5,10,4674,4559
1600000000098220024,BUY,127.5,10,4680,4616
1600000000098396464,BUY,127.5,10,4686,4670
1600000000098527721,BUY,127.5,10,4692,4676
1600000000098579226,BUY,127.5,10,4698,4634
1600000000098765661,BUY,127.5,10,4704,4559
1600000000098859275,BUY,127.5,10,4710,4694
1600000000098910285,BUY,127.5,10,4713,4682
1600000000098910285,BUY,127.5,10,4716,4700
1600000000099090845,BUY,127.5,10,4719,4688
1600000000099090845,BUY,127.5,10,4722,4694
1600000000099281286,BUY,127.5,10,4725,4682
1600000000099281286,BUY,127.5,10,4728,4688
1600000000099400679,BUY,127.5,10,4731,4706
1600000000099400679,BUY,127.5,10,4734,4682
1600000000099515191,BUY,127.5,10,4740,4694
1600000000099663217,BUY,127.5,10,4743,4682
1600000000099663217,BUY,127.5,10,4746,4706
1600000000099788873,BUY,127.5,10,4749,4694
1600000000099788873,BUY,127.5,10,4752,4736
1600000000099936559,BUY,127.5,10,4755,4706
1600000000099936559,BUY,127.5,10,4758,4706
1600000000100002048,BUY,127.5,10,4764,4760
1600000000100111837,BUY,127.5,10,4770,4766
1600000000100231762,BUY,127.5,10,4776,4772
1600000000100331465,BUY,127.5,10,4782,4778
1600000000100458090,BUY,127.5,10,4785,4772
1600000000100458090,BUY,127.5,10,4788,4772
1600000000100615625,BUY,127.5,10,4791,4778
1600000000100615625,BUY,127.51,10,4794,3686
1600000000100668676,BUY,127.51,10,4800,3956
1600000000100747481,BUY,127.51,10,4806,3257
1600000000100892459,BUY,127.51,10,4812,3962
1600000000100987016,BUY,127.51,10,4818,3692
1600000000101170643,BUY,127.51,10,4824,3968
1600000000101270884,BUY,127.51,10,4830,3401
1600000000101448722,BUY,127.51,10,4836,3974
1600000000101564716,BUY,127.51,10,4842,3407
1600000000101728721,BUY,127.51,10,4848,3980
1600000000101794787,BUY,127.51,10,4854,3704
1600000000101980580,BUY,127.51,10,4860,3986
1600000000102108562,BUY,127.51,10,4866,3431
1600000000102164866,BUY,127.51,10,4872,3992
1600000000102257833,BUY,127.51,10,4878,3710
1600000000102386596,BUY,127.51,10,4884,3998
1600000000102477058,BUY,127.51,10,4890,3437
1600000000102647414,BUY,127.51,10,4896,4004
1600000000102769248,BUY,127.51,10,4902,3716
1600000000102930271,BUY,127.51,10,4908,3443
1600000000103098042,BUY,127.51,10,4914,4016
1600000000103223884,BUY,127.51,10,4917,3722
1600000000103223884,BUY,127.51,10,4920,3728
1600000000103276473,BUY,127.51,10,4926,3485
1600000000103451496,BUY,127.51,10,4929,3497
1600000000103451496,BUY,127.51,10,4932,4061
1600000000103556414,BUY,127.51,10,4935,4067
1600000000103556414,BUY,127.51,10,4938,4082
1600000000103751087,BUY,127.51,10,4941,3521
1600000000103751087,BUY,127.51,10,4944,3830
1600000000103808798,BUY,127.51,10,4947,3551
1600000000103808798,BUY,127.51,10,4950,3842
1600000000103918228,BUY,127.51,10,4953,3563
1600000000103918228,BUY,127.51,10,4956,3575
1600000000104070833,BUY,127.51,10,4959,3854
1600000000104070833,BUY,127.51,10,4962,4166
1600000000104124803,BUY,127.51,10,4965,3587
1600000000104124803,BUY,127.51,10,4968,3599
1600000000104244338,BUY,127.51,10,4971,3872
1600000000104244338,BUY,127.51,10,4974,3323
1600000000104380908,BUY,127.51,10,4977,4208
1600000000104380908,BUY,127.51,10,4980,3632
1600000000104552223,BUY,127.51,10,4983,3335
1600000000104552223,BUY,127.51,10,4986,4241
1600000000104714334,BUY,127.51,10,4989,3908
1600000000104714334,BUY,127.51,10,4992,3341
1600000000104806064,BUY,127.51,10,4995,3914
1600000000104806064,BUY,127.51,10,4998,4277
1600000000105000521,BUY,127.51,10,5001,3653
1600000000105000521,BUY,127.51,10,5004,3365
1600000000105173773,BUY,127.51,10,5007,3932
1600000000105173773,BUY,127.51,10,5010,3383
1600000000105360795,BUY,127.51,10,5013,3944
1600000000105360795,BUY,127.51,10,5016,4343
1600000000105474739,BUY,127.51,10,5019,4349
1600000000105474739,BUY,127.51,10,5022,4361
1600000000105632176,BUY,127.51,10,5025,4367
1600000000105632176,BUY,127.51,10,5028,4385
1600000000105808970,BUY,127.51,10,5031,4391
1600000000105808970,BUY,127.51,10,5034,4409
1600000000105931093,BUY,127.51,10,5037,4415
1600000000105931093,BUY,127.51,10,5040,4427
1600000000106003973,BUY,127.51,10,5043,3251
1600000000106003973,BUY,127.51,10,5046,4451
1600000000106141802,BUY,127.51,10,5049,4457
1600000000106141802,BUY,127.51,10,5052,4475
1600000000106324435,BUY,127.51,10,5055,4481
1600000000106324435,BUY,127.51,10,5058,4577
1600000000106427640,BUY,127.51,10,5061,4583
1600000000106427640,BUY,127.51,10,5064,4601
1600000000106584588,BUY,127.51,10,5067,4607
1600000000106584588,BUY,127.51,10,5070,4640
1600000000106694398,BUY,127.51,10,5073,4646
1600000000106694398,BUY,127.51,10,5076,4724
1600000000106857487,BUY,127.51,10,5079,4730
1600000000106857487,BUY,127.51,10,5082,4754
1600000000106971969,BUY,127.51,10,5085,4784
1600000000106971969,BUY,127.51,10,5088,4796
1600000000107091161,BUY,127.51,10,5091,3956
1600000000107091161,BUY,127.51,10,5094,3257
1600000000107228315,BUY,127.51,10,5097,4808
1600000000107228315,BUY,127.51,10,5100,3692
1600000000107364381,BUY,127.51,10,5103,4820
1600000000107364381,BUY,127.51,10,5106,4826
1600000000107561592,BUY,127.51,10,5109,3401
1600000000107561592,BUY,127.51,10,5112,3980
1600000000107740106,BUY,127.51,10,5115,4850
1600000000107740106,BUY,127.51,10,5118,3431
1600000000107823083,BUY,127.51,10,5121,3992
1600000000107823083,BUY,127.51,10,5124,4880
1600000000107878066,BUY,127.51,10,5127,3998
1600000000107878066,BUY,127.51,10,5130,3437
1600000000107977095,BUY,127.51,10,5133,4892
1600000000107977095,BUY,127.51,10,5136,4898
1600000000108149763,BUY,127.51,10,5139,3716
1600000000108149763,BUY,127.51,10,5142,3443
1600000000108242600,BUY,127.51,10,5145,4910
1600000000108242600,BUY,127.51,10,5148,3722
1600000000108410112,BUY,127.51,10,5151,3449
1600000000108410112,BUY,127.51,10,5154,3497
1600000000108526898,BUY,127.51,10,5157,4055
1600000000108526898,BUY,127.51,10,5160,3263
1600000000108581656,BUY,127.51,10,5163,4082
1600000000108581656,BUY,127.51,10,5166,3545
1600000000108734323,BUY,127.51,10,5169,3830
1600000000108734323,BUY,127.51,10,5172,3563
1600000000108892442,BUY,127.51,10,5175,3848
1600000000108892442,BUY,127.51,10,5178,3860
1600000000109042599,BUY,127.51,10,5181,4178
1600000000109042599,BUY,127.51,10,5184,3611
1600000000109175272,BUY,127.51,10,5187,3329
1600000000109175272,BUY,127.51,10,5190,3335
1600000000109322911,BUY,127.51,10,5193,4235
1600000000109322911,BUY,127.51,10,5196,3908
1600000000109505851,BUY,127.51,10,5199,3914
1600000000109505851,BUY,127.51,10,5202,3926
1600000000109670720,BUY,127.51,10,5205,3932
1600000000109670720,BUY,127.51,10,5208,4337
1600000000109740448,BUY,127.51,10,5211,4355
1600000000109740448,BUY,127.51,10,5214,4379
1600000000109893990,BUY,127.51,10,5217,4397
1600000000109893990,BUY,127.51,10,5220,4415
1600000000110037555,BUY,127.51,10,5223,4445
1600000000110037555,BUY,127.51,10,5226,4457
1600000000110212574,BUY,127.51,10,5229,4481
1600000000110212574,BUY,127.51,10,5232,4583
1600000000110398926,BUY,127.51,10,5235,4607
1600000000110398926,BUY,127.51,10,5238,4646
1600000000110551474,BUY,127.51,10,5241,4730
1600000000110551474,BUY,127.51,10,5244,3686
1600000000110734710,BUY,127.51,10,5247,3956
1600000000110734710,BUY,127.51,10,5250,4808
1600000000110905999,BUY,127.51,10,5253,3692
1600000000110905999,BUY,127.51,10,5256,4826
1600000000111085067,BUY,127.51,10,5259,3980
1600000000111085067,BUY,127.51,10,5262,3986
1600000000111214691,BUY,127.51,10,5265,3992
1600000000111214691,BUY,127.51,10,5268,3998
1600000000111414168,BUY,127.51,10,5271,4892
1600000000111414168,BUY,127.51,10,5274,3716
1600000000111466989,BUY,127.51,10,5277,4016
1600000000111466989,BUY,127.51,10,5280,3485
1600000000111572079,BUY,127.51,10,5283,4055
1600000000111572079,BUY,127.51,10,5286,3521
1600000000111763624,BUY,127.51,10,5289,3563
1600000000111763624,BUY,127.51,10,5292,4178
1600000000111860078,BUY,127.51,10,5295,3329
1600000000111860078,BUY,127.51,10,5298,4241
1600000000112014351,BUY,127.51,10,5301,3914
1600000000112014351,BUY,127.51,10,5304,3932
1600000000112168823,BUY,127.51,10,5307,4355
1600000000112168823,BUY,127.51,10,5310,4391
1600000000112350758,BUY,127.51,10,5313,3251
1600000000112350758,BUY,127.51,10,5316,4451
1600000000112416906,BUY,127.51,10,5319,4475
1600000000112416906,BUY,127.51,10,5322,4577
1600000000112553451,BUY,127.51,10,5325,4601
1600000000112553451,BUY,127.51,10,5328,4640
1600000000112657910,BUY,127.51,10,5331,4730
1600000000112657910,BUY,127.51,10,5334,3956
1600000000112792134,BUY,127.51,10,5337,3968
1600000000112792134,BUY,127.51,10,5340,3980
1600000000112908323,BUY,127.51,10,5343,4880
1600000000112908323,BUY,127.51,10,5346,4892
1600000000113097524,BUY,127.51,10,5349,3716
1600000000113097524,BUY,127.51,10,5352,3485
1600000000113239478,BUY,127.51,10,5355,3521
1600000000113239478,BUY,127.51,10,5358,3587
1600000000113312596,BUY,127.51,10,5361,3329
1600000000113312596,BUY,127.51,10,5364,3341
1600000000113494111,BUY,127.51,10,5367,3365
1600000000113494111,BUY,127.51,10,5370,4349
1600000000113633490,BUY,127.51,10,5373,4415
1600000000113633490,BUY,127.51,10,5376,4457
1600000000113704543,BUY,127.51,10,5379,4481
1600000000113704543,BUY,127.51,10,5382,4601
1600000000113850927,BUY,127.51,10,5385,4796
1600000000113850927,BUY,127.51,10,5388,3692
1600000000114018472,BUY,127.51,10,5391,3980
1600000000114018472,BUY,127.51,10,5394,4892
1600000000114195147,BUY,127.51,10,5397,3449
1600000000114195147,BUY,127.51,10,5400,3521
1600000000114338896,BUY,127.51,10,5403,3329
1600000000114338896,BUY,127.51,10,5406,4349
1600000000114528259,BUY,127.51,10,5409,4481
1600000000114528259,BUY,127.51,10,5412,4796
1600000000114594544,BUY,127.51,10,5415,3437
1600000000114594544,BUY,127.51,10,5418,4082
1600000000114706133,BUY,127.51,10,5421,4475
1600000000114706133,BUY,127.51,10,5424,3437
1600000000114770077,BUY,127.51,10,5427,3980
1600000000114770077,BUY,127.51,10,5430,3980
1600000000114921118,BUY,127.52,10,5433,2852
1600000000114921118,BUY,127.52,10,5436,41
1600000000115059994,BUY,127.52,10,5439,71
1600000000115059994,BUY,127.52,10,5442,83
1600000000115205555,BUY,127.52,10,5445,1271
1600000000115205555,BUY,127.52,10,5448,1301
1600000000115309946,BUY,127.52,10,5451,1343
1600000000115309946,BUY,127.52,10,5454,1367
1600000000115361553,BUY,127.52,10,5457,1391
1600000000115361553,BUY,127.52,10,5460,2918
1600000000115414506,BUY,127.52,10,5463,1409
1600000000115414506,BUY,127.52,10,5466,1433
1600000000115509447,BUY,127.52,10,5469,1457
1600000000115509447,BUY,127.52,10,5472,1475
1600000000115621130,BUY,127.52,10,5475,1505
1600000000115621130,BUY,127.52,10,5478,1709
1600000000115780718,BUY,127.52,10,5481,1817
1600000000115780718,BUY,127.52,10,5484,1835
1600000000115952798,BUY,127.52,10,5487,1859
1600000000115952798,BUY,127.52,10,5490,1898
1600000000116013952,BUY,127.52,10,5493,1922
1600000000116013952,BUY,127.52,10,5496,1958
1600000000116189494,BUY,127.52,10,5499,2042
1600000000116189494,BUY,127.52,10,5502,2066
1600000000116379613,BUY,127.52,10,5505,3044
1600000000116379613,BUY,127.52,10,5508,2168
1600000000116518142,BUY,127.52,10,5511,3062
1600000000116518142,BUY,127.52,10,5514,2186
1600000000116582465,BUY,127.52,10,5517,2192
1600000000116582465,BUY,127.52,10,5520,3086
1600000000116670158,BUY,127.52,10,5523,3092
1600000000116670158,BUY,127.52,10,5526,3098
1600000000116809328,BUY,127.52,10,5529,3104
1600000000116809328,BUY,127.52,10,5532,3110
1600000000116904439,BUY,127.52,10,5535,2234
1600000000116904439,BUY,127.52,10,5538,3128
1600000000116993930,BUY,127.52,10,5541,2840
1600000000116993930,BUY,127.52,10,5544,3167
1600000000117093266,BUY,127.52,10,5547,3179
1600000000117093266,BUY,127.52,10,5550,3191
1600000000117160171,BUY,127.52,10,5553,3377
1600000000117160171,BUY,127.52,10,5556,3395
1600000000117240444,BUY,127.52,10,5559,3623
1600000000117240444,BUY,127.52,10,5562,3641
1600000000117415635,BUY,127.52,10,5565,3659
1600000000117415635,BUY,127.52,10,5568,3671
1600000000117581571,BUY,127.52,10,5571,3683
1600000000117581571,BUY,127.52,10,5574,3758
1600000000117698109,BUY,127.52,10,5577,3770
1600000000117698109,BUY,127.52,10,5580,3800
1600000000117852679,BUY,127.52,10,5583,3812
1600000000117852679,BUY,127.52,10,5586,3881
1600000000117996018,BUY,127.52,10,5589,3893
1600000000117996018,BUY,127.52,10,5592,3923
1600000000118167150,BUY,127.52,10,5595,4037
1600000000118167150,BUY,127.52,10,5598,4079
1600000000118346143,BUY,127.52,10,5601,4103
1600000000118346143,BUY,127.52,10,5604,4115
1600000000118407473,BUY,127.52,10,5607,4127
1600000000118407473,BUY,127.52,10,5610,4139
1600000000118530026,BUY,127.52,10,5613,4157
1600000000118530026,BUY,127.52,10,5616,4193
1600000000118727109,BUY,127.52,10,5619,4205
1600000000118727109,BUY,127.52,10,5622,4247
1600000000118860646,BUY,127.52,10,5625,4265
1600000000118860646,BUY,127.52,10,5628,4289
1600000000118971631,BUY,127.52,10,5631,4301
1600000000118971631,BUY,127.52,10,5634,4313
1600000000119038675,BUY,127.52,10,5637,4433
1600000000119038675,BUY,127.52,10,5640,4631
1600000000119210979,BUY,127.52,10,5643,4655
1600000000119210979,BUY,127.52,10,5646,4667
1600000000119397301,BUY,127.52,10,5649,4679
1600000000119397301,BUY,127.52,10,5652,4691
1600000000119470590,BUY,127.52,10,5655,4709
1600000000119470590,BUY,127.52,10,5658,4769
1600000000119553677,BUY,127.52,10,5661,4835
1600000000119553677,BUY,127.52,10,5664,4847
1600000000119679629,BUY,127.52,10,5667,4865
1600000000119679629,BUY,127.52,10,5670,4928
1600000000119765997,BUY,127.52,10,5673,4988
1600000000119765997,BUY,127.52,10,5676,5000
1600000000119936645,BUY,127.52,10,5679,5012
1600000000119936645,BUY,127.52,10,5682,5024
1600000000120057460,BUY,127.52,10,5685,5042
1600000000120057460,BUY,127.52,10,5688,5054
1600000000120198153,BUY,127.52,10,5691,5066
1600000000120198153,BUY,127.52,10,5694,5114
1600000000120307053,BUY,127.52,10,5697,35
1600000000120307053,BUY,127.52,10,5700,65
1600000000120372547,BUY,127.52,10,5703,77
1600000000120372547,BUY,127.52,10,5706,1289
1600000000120539033,BUY,127.52,10,5709,1319
1600000000120539033,BUY,127.52,10,5712,1367
1600000000120622083,BUY,127.52,10,5715,2918
1600000000120622083,BUY,127.52,10,5718,1427
1600000000120769882,BUY,127.52,10,5721,1469
1600000000120769882,BUY,127.52,10,5724,1499
1600000000120950898,BUY,127.52,10,5727,1709
1600000000120950898,BUY,127.52,10,5730,1829
1600000000121089155,BUY,127.52,10,5733,1859
1600000000121089155,BUY,127.52,10,5736,1898
1600000000121187225,BUY,127.52,10,5739,1952
1600000000121187225,BUY,127.52,10,5742,2042
1600000000121242391,BUY,127.52,10,5745,2120
1600000000121242391,BUY,127.52,10,5748,2168
1600000000121430584,BUY,127.52,10,5751,3062
1600000000121430584,BUY,127.52,10,5754,2186
1600000000121626333,BUY,127.52,10,5757,3086
1600000000121626333,BUY,127.52,10,5760,2210
1600000000121763742,BUY,127.52,10,5763,2216
1600000000121763742,BUY,127.52,10,5766,2222
1600000000121851406,BUY,127.52,10,5769,2234
1600000000121851406,BUY,127.52,10,5772,3140
1600000000122031332,BUY,127.52,10,5775,3167
1600000000122031332,BUY,127.52,10,5778,3185
1600000000122082625,BUY,127.52,10,5781,3389
1600000000122082625,BUY,127.52,10,5784,3629
1600000000122181837,BUY,127.52,10,5787,3647
1600000000122181837,BUY,127.52,10,5790,3665
1600000000122307113,BUY,127.52,10,5793,3740
1600000000122307113,BUY,127.52,10,5796,3764
1600000000122369672,BUY,127.52,10,5799,3782
1600000000122369672,BUY,127.52,10,5802,3806
1600000000122484903,BUY,127.52,10,5805,3881
1600000000122484903,BUY,127.52,10,5808,3905
1600000000122643180,BUY,127.52,10,5811,4037
1600000000122643180,BUY,127.52,10,5814,4079
1600000000122714927,BUY,127.52,10,5817,4109
1600000000122714927,BUY,127.52,10,5820,4127
1600000000122764964,BUY,127.52,10,5823,4157
1600000000122764964,BUY,127.52,10,5826,4199
1600000000122919258,BUY,127.52,10,5829,4247
1600000000122919258,BUY,127.52,10,5832,4283
1600000000123067105,BUY,127.52,10,5835,4295
1600000000123067105,BUY,127.52,10,5838,4307
1600000000123220847,BUY,127.52,10,5841,4325
1600000000123220847,BUY,127.52,10,5844,4625
1600000000123319350,BUY,127.52,10,5847,4661
1600000000123319350,BUY,127.52,10,5850,4685
1600000000123397557,BUY,127.52,10,5853,4709
1600000000123397557,BUY,127.52,10,5856,4769
1600000000123480798,BUY,127.52,10,5859,4835
1600000000123480798,BUY,127.52,10,5862,4859
1600000000123661928,BUY,127.52,10,5865,4916
1600000000123661928,BUY,127.52,10,5868,4946
1600000000123808099,BUY,127.52,10,5871,4994
1600000000123808099,BUY,127.52,10,5874,5006
1600000000124004005,BUY,127.52,10,5877,5024
1600000000124004005,BUY,127.52,10,5880,5048
1600000000124171307,BUY,127.52,10,5883,5060
1600000000124171307,BUY,127.52,10,5886,5072
1600000000124294139,BUY,127.52,10,5889,41
1600000000124294139,BUY,127.52,10,5892,1289
1600000000124365522,BUY,127.52,10,5895,1361
1600000000124365522,BUY,127.52,10,5898,1397
1600000000124539813,BUY,127.52,10,5901,1409
1600000000124539813,BUY,127.52,10,5904,1817
1600000000124592487,BUY,127.52,10,5907,1892
1600000000124592487,BUY,127.52,10,5910,2036
1600000000124756587,BUY,127.52,10,5913,2066
1600000000124756587,BUY,127.52,10,5916,2168
1600000000124915956,BUY,127.52,10,5919,3068
1600000000124915956,BUY,127.52,10,5922,2198
1600000000124988776,BUY,127.52,10,5925,3098
1600000000124988776,BUY,127.52,10,5928,2222
1600000000125082570,BUY,127.52,10,5931,3128
1600000000125082570,BUY,127.52,10,5934,3161
1600000000125265718,BUY,127.52,10,5937,3185
1600000000125265718,BUY,127.52,10,5940,3389
1600000000125444262,BUY,127.52,10,5943,3647
1600000000125444262,BUY,127.52,10,5946,3683
1600000000125531817,BUY,127.52,10,5949,3758
1600000000125531817,BUY,127.52,10,5952,3800
1600000000125614223,BUY,127.52,10,5955,3893
1600000000125614223,BUY,127.52,10,5958,4031
1600000000125704485,BUY,127.52,10,5961,4103
1600000000125704485,BUY,127.52,10,5964,4151
1600000000125845805,BUY,127.52,10,5967,4193
1600000000125845805,BUY,127.52,10,5970,4247
1600000000125926089,BUY,127.52,10,5973,4289
1600000000125926089,BUY,127.52,10,5976,4625
1600000000126066716,BUY,127.52,10,5979,4685
1600000000126066716,BUY,127.52,10,5982,4763
1600000000126262121,BUY,127.52,10,5985,4847
1600000000126262121,BUY,127.52,10,5988,4928
1600000000126401144,BUY,127.52,10,5991,4994
1600000000126401144,BUY,127.52,10,5994,5042
1600000000126492660,BUY,127.52,10,5997,5072
1600000000126492660,BUY,127.52,10,6000,1289
1600000000126558237,BUY,127.52,10,6003,1709
1600000000126558237,BUY,127.52,10,6006,1892
1600000000126623252,BUY,127.52,10,6009,2042
1600000000126623252,BUY,127.52,10,6012,3062
1600000000126764356,BUY,127.52,10,6015,3104
1600000000126764356,BUY,127.52,10,6018,3128
1600000000126928768,BUY,127.52,10,6021,3185
1600000000126928768,BUY,127.52,10,6024,3740
1600000000127070508,BUY,127.52,10,6027,3893
1600000000127070508,BUY,127.52,10,6030,4103
1600000000127187148,BUY,127.52,10,6033,4151
1600000000127187148,BUY,127.52,10,6036,4247
1600000000127320338,BUY,127.52,10,6039,4679
1600000000127320338,BUY,127.52,10,6042,4763
1600000000127499854,BUY,127.52,10,6045,4928
1600000000127499854,BUY,127.52,10,6048,5042
1600000000127684572,BUY,127.52,10,6051,1409
1600000000127684572,BUY,127.52,10,6054,2168
1600000000127821579,BUY,127.52,10,6057,2234
1600000000127821579,BUY,127.52,10,6060,3740
1600000000127919307,BUY,127.52,10,6063,4079
1600000000127919307,BUY,127.52,10,6066,4223
1600000000127984185,BUY,127.52,10,6069,4709
1600000000127984185,BUY,127.52,10,6072,1289
1600000000128163110,BUY,127.52,10,6075,3104
1600000000128163110,BUY,127.52,10,6078,4679
1600000000128222255,BUY,127.52,10,6081,4679
1600000000128222255,BUY,127.53,10,6084,59
1600000000128360833,BUY,127.53,10,6087,1325
1600000000128360833,BUY,127.53,10,6090,1415
1600000000128429059,BUY,127.53,10,6093,1523
1600000000128429059,BUY,127.53,10,6096,1547
1600000000128481861,BUY,127.53,10,6099,1559
1600000000128481861,BUY,127.53,10,6102,1871
1600000000128555980,BUY,127.53,10,6105,1883
1600000000128555980,BUY,127.53,10,6108,1970
1600000000128669540,BUY,127.53,10,6111,1982
1600000000128669540,BUY,127.53,10,6114,1994
1600000000128776893,BUY,127.53,10,6117,2030
1600000000128776893,BUY,127.53,10,6120,2087
1600000000128949894,BUY,127.53,10,6123,2105
1600000000128949894,BUY,127.53,10,6126,2141
1600000000129071535,BUY,127.53,10,6129,2159
1600000000129071535,BUY,127.53,10,6132,2252
1600000000129173247,BUY,127.53,10,6135,2300
1600000000129173247,BUY,127.53,10,6138,2312
1600000000129353332,BUY,127.53,10,6141,2342
1600000000129353332,BUY,127.53,10,6144,2378
1600000000129471617,BUY,127.53,10,6147,2420
1600000000129471617,BUY,127.53,10,6150,2438
1600000000129636895,BUY,127.53,10,6153,2450
1600000000129636895,BUY,127.53,10,6156,2468
1600000000129711407,BUY,127.53,10,6159,2480
1600000000129711407,BUY,127.53,10,6162,2498
1600000000129863484,BUY,127.53,10,6165,2702
1600000000129863484,BUY,127.53,10,6168,2726
1600000000129915548,BUY,127.53,10,6171,2744
1600000000129915548,BUY,127.53,10,6174,2768
1600000000130061162,BUY,127.53,10,6177,2786
1600000000130061162,BUY,127.53,10,6180,2804
1600000000130228801,BUY,127.53,10,6183,2822
1600000000130228801,BUY,127.53,10,6186,2864
1600000000130308812,BUY,127.53,10,6189,2900
1600000000130308812,BUY,127.53,10,6192,2930
1600000000130429964,BUY,127.53,10,6195,2942
1600000000130429964,BUY,127.53,10,6198,2954
1600000000130490924,BUY,127.53,10,6201,2984
1600000000130490924,BUY,127.53,10,6204,2996
1600000000130662713,BUY,127.53,10,6207,3020
1600000000130662713,BUY,127.53,10,6210,3032
1600000000130771633,BUY,127.53,10,6213,3149
1600000000130771633,BUY,127.53,10,6216,3635
1600000000130843020,BUY,127.53,10,6219,3695
1600000000130843020,BUY,127.53,10,6222,3707
1600000000131039416,BUY,127.53,10,6225,3719
1600000000131039416,BUY,127.53,10,6228,3746
1600000000131153376,BUY,127.53,10,6231,3776
1600000000131153376,BUY,127.53,10,6234,3794
1600000000131326370,BUY,127.53,10,6237,3839
1600000000131326370,BUY,127.53,10,6240,3851
1600000000131408998,BUY,127.53,10,6243,3863
1600000000131408998,BUY,127.53,10,6246,3911
1600000000131580267,BUY,127.53,10,6249,3935
1600000000131580267,BUY,127.53,10,6252,3953
1600000000131677719,BUY,127.53,10,6255,3971
1600000000131677719,BUY,127.53,10,6258,3989
1600000000131768817,BUY,127.53,10,6261,4001
1600000000131768817,BUY,127.53,10,6264,4019
1600000000131905678,BUY,127.53,10,6267,4085
1600000000131905678,BUY,127.53,10,6270,4181
1600000000131983627,BUY,127.53,10,6273,4643
1600000000131983627,BUY,127.53,10,6276,4715
1600000000132107164,BUY,127.53,10,6279,4733
1600000000132107164,BUY,127.53,10,6282,4787
1600000000132303539,BUY,127.53,10,6285,4805
1600000000132303539,BUY,127.53,10,6288,4817
1600000000132469542,BUY,127.53,10,6291,4853
1600000000132469542,BUY,127.53,10,6294,4889
1600000000132662917,BUY,127.53,10,6297,4907
1600000000132662917,BUY,127.53,10,6300,4934
1600000000132763618,BUY,127.53,10,6303,4952
1600000000132763618,BUY,127.53,10,6306,4964
1600000000132864129,BUY,127.53,10,6309,4982
1600000000132864129,BUY,127.53,10,6312,5090
1600000000132994793,BUY,127.53,10,6315,5102
1600000000132994793,BUY,127.53,10,6318,5120
1600000000133194145,BUY,127.53,10,6321,5132
1600000000133194145,BUY,127.53,10,6324,5144
1600000000133283572,BUY,127.53,10,6327,5156
1600000000133283572,BUY,127.53,10,6330,5174
1600000000133430752,BUY,127.53,10,6333,47
1600000000133430752,BUY,127.53,10,6336,1295
1600000000133584302,BUY,127.53,10,6339,1517
1600000000133584302,BUY,127.53,10,6342,1547
1600000000133772341,BUY,127.53,10,6345,1871
1600000000133772341,BUY,127.53,10,6348,1964
1600000000133960074,BUY,127.53,10,6351,1976
1600000000133960074,BUY,127.53,10,6354,1988
1600000000134088026,BUY,127.53,10,6357,2012
1600000000134088026,BUY,127.53,10,6360,2081
1600000000134204072,BUY,127.53,10,6363,2099
1600000000134204072,BUY,127.53,10,6366,2135
1600000000134360990,BUY,127.53,10,6369,2159
1600000000134360990,BUY,127.53,10,6372,2294
1600000000134446190,BUY,127.53,10,6375,2312
1600000000134446190,BUY,127.53,10,6378,2354
1600000000134563632,BUY,127.53,10,6381,2414
1600000000134563632,BUY,127.53,10,6384,2432
1600000000134704702,BUY,127.53,10,6387,2444
1600000000134704702,BUY,127.53,10,6390,2456
1600000000134812870,BUY,127.53,10,6393,2492
1600000000134812870,BUY,127.53,10,6396,2714
1600000000134911192,BUY,127.53,10,6399,2738
1600000000134911192,BUY,127.53,10,6402,2768
1600000000135031438,BUY,127.53,10,6405,2798
1600000000135031438,BUY,127.53,10,6408,2816
1600000000135097021,BUY,127.53,10,6411,2858
1600000000135097021,BUY,127.53,10,6414,2894
1600000000135229741,BUY,127.53,10,6417,2912
1600000000135229741,BUY,127.53,10,6420,2942
1600000000135416922,BUY,127.53,10,6423,2978
1600000000135416922,BUY,127.53,10,6426,2990
1600000000135526679,BUY,127.53,10,6429,3026
1600000000135526679,BUY,127.53,10,6432,3149
1600000000135583338,BUY,127.53,10,6435,3689
1600000000135583338,BUY,127.53,10,6438,3701
1600000000135634576,BUY,127.53,10,6441,3731
1600000000135634576,BUY,127.53,10,6444,3776
1600000000135805846,BUY,127.53,10,6447,3833
1600000000135805846,BUY,127.53,10,6450,3845
1600000000135975057,BUY,127.53,10,6453,3857
1600000000135975057,BUY,127.53,10,6456,3911
1600000000136040121,BUY,127.53,10,6459,3935
1600000000136040121,BUY,127.53,10,6462,3965
1600000000136226813,BUY,127.53,10,6465,3983
1600000000136226813,BUY,127.53,10,6468,4007
1600000000136376603,BUY,127.53,10,6471,4169
1600000000136376603,BUY,127.53,10,6474,4211
1600000000136529588,BUY,127.53,10,6477,4715
1600000000136529588,BUY,127.53,10,6480,4757
1600000000136623846,BUY,127.53,10,6483,4805
1600000000136623846,BUY,127.53,10,6486,4829
1600000000136809388,BUY,127.53,10,6489,4883
1600000000136809388,BUY,127.53,10,6492,4901
1600000000136884056,BUY,127.53,10,6495,4925
1600000000136884056,BUY,127.53,10,6498,4940
1600000000137011315,BUY,127.53,10,6501,4964
1600000000137011315,BUY,127.53,10,6504,5084
1600000000137173507,BUY,127.53,10,6507,5096
1600000000137173507,BUY,127.53,10,6510,5108
1600000000137320083,BUY,127.53,10,6513,5132
1600000000137320083,BUY,127.53,10,6516,5168
1600000000137475564,BUY,127.53,10,6519,5192
1600000000137475564,BUY,127.53,10,6522,1517
1600000000137637069,BUY,127.53,10,6525,1571
1600000000137637069,BUY,127.53,10,6528,1883
1600000000137692466,BUY,127.53,10,6531,1970
1600000000137692466,BUY,127.53,10,6534,1994
1600000000137842391,BUY,127.53,10,6537,2030
1600000000137842391,BUY,127.53,10,6540,2159
1600000000137975872,BUY,127.53,10,6543,2312
1600000000137975872,BUY,127.53,10,6546,2378
1600000000138086180,BUY,127.53,10,6549,2444
1600000000138086180,BUY,127.53,10,6552,2480
1600000000138137310,BUY,127.53,10,6555,2726
1600000000138137310,BUY,127.53,10,6558,2768
1600000000138311603,BUY,127.53,10,6561,2822
1600000000138311603,BUY,127.53,10,6564,2912
1600000000138375674,BUY,127.53,10,6567,2954
1600000000138375674,BUY,127.53,10,6570,3026
1600000000138511191,BUY,127.53,10,6573,3689
1600000000138511191,BUY,127.53,10,6576,3731
1600000000138671431,BUY,127.53,10,6579,3794
1600000000138671431,BUY,127.53,10,6582,3851
1600000000138723549,BUY,127.53,10,6585,3929
1600000000138723549,BUY,127.53,10,6588,3953
1600000000138905284,BUY,127.53,10,6591,3971
1600000000138905284,BUY,127.53,10,6594,4001
1600000000139017692,BUY,127.53,10,6597,4169
1600000000139017692,BUY,127.53,10,6600,4733
1600000000139119478,BUY,127.53,10,6603,4805
1600000000139119478,BUY,127.53,10,6606,4853
1600000000139250749,BUY,127.53,10,6609,4889
1600000000139250749,BUY,127.53,10,6612,4907
1600000000139319907,BUY,127.53,10,6615,4934
1600000000139319907,BUY,127.53,10,6618,4982
1600000000139400994,BUY,127.53,10,6621,5090
1600000000139400994,BUY,127.53,10,6624,5102
1600000000139539108,BUY,127.53,10,6627,5168
1600000000139539108,BUY,127.53,10,6630,1571
1600000000139608982,BUY,127.53,10,6633,1964
1600000000139608982,BUY,127.53,10,6636,1988
1600000000139742425,BUY,127.53,10,6639,2159
1600000000139742425,BUY,127.53,10,6642,2354
1600000000139833246,BUY,127.53,10,6645,2444
1600000000139833246,BUY,127.53,10,6648,2726
1600000000139998921,BUY,127.53,10,6651,2816
1600000000139998921,BUY,127.53,10,6654,2942
1600000000140109503,BUY,127.53,10,6657,3635
1600000000140109503,BUY,127.53,10,6660,3776
1600000000140282106,BUY,127.53,10,6663,3911
1600000000140282106,BUY,127.53,10,6666,3965
1600000000140401487,BUY,127.53,10,6669,4085
1600000000140401487,BUY,127.53,10,6672,4799
1600000000140563287,BUY,127.53,10,6675,4829
1600000000140563287,BUY,127.53,10,6678,4901
1600000000140744092,BUY,127.53,10,6681,4925
1600000000140744092,BUY,127.53,10,6684,4982
1600000000140876110,BUY,127.53,10,6687,5168
1600000000140876110,BUY,127.53,10,6690,1964
1600000000141026702,BUY,127.53,10,6693,2312
1600000000141026702,BUY,127.53,10,6696,2702
1600000000141168328,BUY,127.53,10,6699,2816
1600000000141168328,BUY,127.53,10,6702,2942
1600000000141304545,BUY,127.53,10,6705,3776
1600000000141304545,BUY,127.53,10,6708,3965
1600000000141427344,BUY,127.53,10,6711,4805
1600000000141427344,BUY,127.53,10,6714,4907
1600000000141539529,BUY,127.53,10,6717,5168
1600000000141539529,BUY,127.53,10,6720,2768
1600000000141631067,BUY,127.53,10,6723,3731
1600000000141631067,BUY,127.53,10,6726,4799
1600000000141701410,BUY,127.53,10,6729,5168
1600000000141701410,BUY,127.53,10,6732,3965
1600000000141871436,BUY,127.53,10,6735,3731
1600000000141871436,BUY,127.54,10,6738,1895
1600000000141974542,BUY,127.54,10,6741,1907
1600000000141974542,BUY,127.54,10,6744,1925
1600000000142138864,BUY,127.54,10,6747,1949
1600000000142138864,BUY,127.54,10,6750,2003
1600000000142270091,BUY,127.54,10,6753,2039
1600000000142270091,BUY,127.54,10,6756,2051
1600000000142362226,BUY,127.54,10,6759,2069
1600000000142362226,BUY,127.54,10,6762,2123
1600000000142531825,BUY,127.54,10,6765,2171
1600000000142531825,BUY,127.54,10,6768,2183
1600000000142665295,BUY,127.54,10,6771,2195
1600000000142665295,BUY,127.54,10,6774,2207
1600000000142736205,BUY,127.54,10,6777,2219
1600000000142736205,BUY,127.54,10,6780,2231
1600000000142924418,BUY,127.54,10,6783,2258
1600000000142924418,BUY,127.54,10,6786,2276
1600000000143020368,BUY,127.54,10,6789,2330
1600000000143020368,BUY,127.54,10,6792,2366
1600000000143086593,BUY,127.54,10,6795,2390
1600000000143086593,BUY,127.54,10,6798,2462
1600000000143169552,BUY,127.54,10,6801,2516
1600000000143169552,BUY,127.54,10,6804,2660
1600000000143268744,BUY,127.54,10,6807,2678
1600000000143268744,BUY,127.54,10,6810,2708
1600000000143398455,BUY,127.54,10,6813,2759
1600000000143398455,BUY,127.54,10,6816,2843
1600000000143589578,BUY,127.54,10,6819,2870
1600000000143589578,BUY,127.54,10,6822,2921
1600000000143643027,BUY,127.54,10,6825,2966
1600000000143643027,BUY,127.54,10,6828,3047
1600000000143797240,BUY,127.54,10,6831,3059
1600000000143797240,BUY,127.54,10,6834,3071
1600000000143947485,BUY,127.54,10,6837,3083
1600000000143947485,BUY,127.54,10,6840,3101
1600000000144094554,BUY,127.54,10,6843,3113
1600000000144094554,BUY,127.54,10,6846,3131
1600000000144168462,BUY,127.54,10,6849,3737
1600000000144168462,BUY,127.54,10,6852,3761
1600000000144323309,BUY,127.54,10,6855,3785
1600000000144323309,BUY,127.54,10,6858,3815
1600000000144494219,BUY,127.54,10,6861,4919
1600000000144494219,BUY,127.54,10,6864,4949
1600000000144558231,BUY,127.54,10,6867,4997
1600000000144558231,BUY,127.54,10,6870,5015
1600000000144625643,BUY,127.54,10,6873,5027
1600000000144625643,BUY,127.54,10,6876,5045
1600000000144785673,BUY,127.54,10,6879,5057
1600000000144785673,BUY,127.54,10,6882,5069
1600000000144860330,BUY,127.54,10,6885,5180
1600000000144860330,BUY,127.54,10,6888,5204
1600000000144915986,BUY,127.54,10,6891,5228
1600000000144915986,BUY,127.54,10,6894,5246
1600000000145106025,BUY,127.54,10,6897,5264
1600000000145106025,BUY,127.54,10,6900,1901
1600000000145302861,BUY,127.54,10,6903,1925
1600000000145302861,BUY,127.54,10,6906,1961
1600000000145368734,BUY,127.54,10,6909,2045
1600000000145368734,BUY,127.54,10,6912,2117
1600000000145513219,BUY,127.54,10,6915,2177
1600000000145513219,BUY,127.54,10,6918,2201
1600000000145672602,BUY,127.54,10,6921,2225
1600000000145672602,BUY,127.54,10,6924,2258
1600000000145724209,BUY,127.54,10,6927,2276
1600000000145724209,BUY,127.54,10,6930,2360
1600000000145822656,BUY,127.54,10,6933,2384
1600000000145822656,BUY,127.54,10,6936,2462
1600000000145922413,BUY,127.54,10,6939,2654
1600000000145922413,BUY,127.54,10,6942,2678
1600000000146041614,BUY,127.54,10,6945,2720
1600000000146041614,BUY,127.54,10,6948,2843
1600000000146220379,BUY,127.54,10,6951,2888
1600000000146220379,BUY,127.54,10,6954,2927
1600000000146275841,BUY,127.54,10,6957,3008
1600000000146275841,BUY,127.54,10,6960,3053
1600000000146442673,BUY,127.54,10,6963,3065
1600000000146442673,BUY,127.54,10,6966,3077
1600000000146541138,BUY,127.54,10,6969,3101
1600000000146541138,BUY,127.54,10,6972,3131
1600000000146681165,BUY,127.54,10,6975,3743
1600000000146681165,BUY,127.54,10,6978,3773
1600000000146781693,BUY,127.54,10,6981,3809
1600000000146781693,BUY,127.54,10,6984,4919
1600000000146867923,BUY,127.54,10,6987,4991
1600000000146867923,BUY,127.54,10,6990,5015
1600000000146966165,BUY,127.54,10,6993,5039
1600000000146966165,BUY,127.54,10,6996,5051
1600000000147130853,BUY,127.54,10,6999,5063
1600000000147130853,BUY,127.54,10,7002,5117
1600000000147182636,BUY,127.54,10,7005,5198
1600000000147182636,BUY,127.54,10,7008,5228
1600000000147261026,BUY,127.54,10,7011,5246
1600000000147261026,BUY,127.54,10,7014,1895
1600000000147450515,BUY,127.54,10,7017,1949
1600000000147450515,BUY,127.54,10,7020,2045
1600000000147572617,BUY,127.54,10,7023,2117
1600000000147572617,BUY,127.54,10,7026,2195
1600000000147640043,BUY,127.54,10,7029,2225
1600000000147640043,BUY,127.54,10,7032,2270
1600000000147720793,BUY,127.54,10,7035,2360
1600000000147720793,BUY,127.54,10,7038,2462
1600000000147828981,BUY,127.54,10,7041,2708
1600000000147828981,BUY,127.54,10,7044,2870
1600000000147889853,BUY,127.54,10,7047,2921
1600000000147889853,BUY,127.54,10,7050,3047
1600000000148034084,BUY,127.54,10,7053,3101
1600000000148034084,BUY,127.54,10,7056,3743
1600000000148213944,BUY,127.54,10,7059,3773
1600000000148213944,BUY,127.54,10,7062,4919
1600000000148330714,BUY,127.54,10,7065,5015
1600000000148330714,BUY,127.54,10,7068,5045
1600000000148504872,BUY,127.54,10,7071,5180
1600000000148504872,BUY,127.54,10,7074,5228
1600000000148638386,BUY,127.54,10,7077,1895
1600000000148638386,BUY,127.54,10,7080,2117
1600000000148781049,BUY,127.54,10,7083,2219
1600000000148781049,BUY,127.54,10,7086,2270
1600000000148980200,BUY,127.54,10,7089,2402
1600000000148980200,BUY,127.54,10,7092,2678
1600000000149178610,BUY,127.54,10,7095,3047
1600000000149178610,BUY,127.54,10,7098,3737
1600000000149362973,BUY,127.54,10,7101,3761
1600000000149362973,BUY,127.54,10,7104,3827
1600000000149525781,BUY,127.54,10,7107,5009
1600000000149525781,BUY,127.54,10,7110,5039
1600000000149685872,BUY,127.54,10,7113,5210
1600000000149685872,BUY,127.54,10,7116,2069
1600000000149835144,BUY,127.54,10,7119,2270
1600000000149835144,BUY,127.54,10,7122,2462
1600000000149934537,BUY,127.54,10,7125,3047
1600000000149934537,BUY,127.54,10,7128,4919
1600000000150078095,BUY,127.54,10,7131,5180
1600000000150078095,BUY,127.54,10,7134,2069
1600000000150197865,BUY,127.54,10,7137,2462
1600000000150197865,BUY,127.54,10,7140,5180
1600000000150274585,BUY,127.54,10,7143,5039
1600000000150274585,BUY,127.55,10,7146,1967
1600000000150337953,BUY,127.55,10,7149,1979
1600000000150337953,BUY,127.55,10,7152,1997
1600000000150435922,BUY,127.55,10,7155,2033
1600000000150435922,BUY,127.55,10,7158,2255
1600000000150534760,BUY,127.55,10,7161,2309
1600000000150534760,BUY,127.55,10,7164,2327
1600000000150593494,BUY,127.55,10,7167,2351
1600000000150593494,BUY,127.55,10,7170,2381
1600000000150750681,BUY,127.55,10,7173,2423
1600000000150750681,BUY,127.55,10,7176,2435
1600000000150900010,BUY,127.55,10,7179,2447
1600000000150900010,BUY,127.55,10,7182,2459
1600000000151093279,BUY,127.55,10,7185,2483
1600000000151093279,BUY,127.55,10,7188,2501
1600000000151212174,BUY,127.55,10,7191,2534
1600000000151212174,BUY,127.55,10,7194,2600
1600000000151382598,BUY,127.55,10,7197,2642
1600000000151382598,BUY,127.55,10,7200,2705
1600000000151533853,BUY,127.55,10,7203,2729
1600000000151533853,BUY,127.55,10,7206,2747
1600000000151641926,BUY,127.55,10,7209,2765
1600000000151641926,BUY,127.55,10,7212,2783
1600000000151707550,BUY,127.55,10,7215,2801
1600000000151707550,BUY,127.55,10,7218,2813
1600000000151781865,BUY,127.55,10,7221,2825
1600000000151781865,BUY,127.55,10,7224,2897
1600000000151849287,BUY,127.55,10,7227,2909
1600000000151849287,BUY,127.55,10,7230,2933
1600000000151971950,BUY,127.55,10,7233,2945
1600000000151971950,BUY,127.55,10,7236,2957
1600000000152123166,BUY,127.55,10,7239,2987
1600000000152123166,BUY,127.55,10,7242,2999
1600000000152205909,BUY,127.55,10,7245,3023
1600000000152205909,BUY,127.55,10,7248,3041
1600000000152402617,BUY,127.55,10,7251,3755
1600000000152402617,BUY,127.55,10,7254,3797
1600000000152462725,BUY,127.55,10,7257,4943
1600000000152462725,BUY,127.55,10,7260,4961
1600000000152548905,BUY,127.55,10,7263,4979
1600000000152548905,BUY,127.55,10,7266,5081
1600000000152617788,BUY,127.55,10,7269,5093
1600000000152617788,BUY,127.55,10,7272,5105
1600000000152712188,BUY,127.55,10,7275,5129
1600000000152712188,BUY,127.55,10,7278,5147
1600000000152810139,BUY,127.55,10,7281,5159
1600000000152810139,BUY,127.55,10,7284,5177
1600000000152998371,BUY,127.55,10,7287,5276
1600000000152998371,BUY,127.55,10,7290,5294
1600000000153103633,BUY,127.55,10,7293,1943
1600000000153103633,BUY,127.55,10,7296,1973
1600000000153236766,BUY,127.55,10,7299,1991
1600000000153236766,BUY,127.55,10,7302,2033
1600000000153428961,BUY,127.55,10,7305,2303
1600000000153428961,BUY,127.55,10,7308,2321
1600000000153594067,BUY,127.55,10,7311,2351
1600000000153594067,BUY,127.55,10,7314,2417
1600000000153714563,BUY,127.55,10,7317,2429
1600000000153714563,BUY,127.55,10,7320,2447
1600000000153826497,BUY,127.55,10,7323,2477
1600000000153826497,BUY,127.55,10,7326,2495
1600000000153955383,BUY,127.55,10,7329,2534
1600000000153955383,BUY,127.55,10,7332,2636
1600000000154036264,BUY,127.55,10,7335,2699
1600000000154036264,BUY,127.55,10,7338,2717
1600000000154104673,BUY,127.55,10,7341,2741
1600000000154104673,BUY,127.55,10,7344,2777
1600000000154252844,BUY,127.55,10,7347,2801
1600000000154252844,BUY,127.55,10,7350,2825
1600000000154351795,BUY,127.55,10,7353,2903
1600000000154351795,BUY,127.55,10,7356,2933
1600000000154410547,BUY,127.55,10,7359,2945
1600000000154410547,BUY,127.55,10,7362,2981
1600000000154577886,BUY,127.55,10,7365,2993
1600000000154577886,BUY,127.55,10,7368,3035
1600000000154772398,BUY,127.55,10,7371,3791
1600000000154772398,BUY,127.55,10,7374,4937
1600000000154867262,BUY,127.55,10,7377,4961
1600000000154867262,BUY,127.55,10,7380,4985
1600000000154989297,BUY,127.55,10,7383,5093
1600000000154989297,BUY,127.55,10,7386,5123
1600000000155125972,BUY,127.55,10,7389,5141
1600000000155125972,BUY,127.55,10,7392,5153
1600000000155198315,BUY,127.55,10,7395,5177
1600000000155198315,BUY,127.55,10,7398,5288
1600000000155267988,BUY,127.55,10,7401,5300
1600000000155267988,BUY,127.55,10,7404,1967
1600000000155413012,BUY,127.55,10,7407,2015
1600000000155413012,BUY,127.55,10,7410,2309
1600000000155489532,BUY,127.55,10,7413,2345
1600000000155489532,BUY,127.55,10,7416,2417
1600000000155555316,BUY,127.55,10,7419,2459
1600000000155555316,BUY,127.55,10,7422,2483
1600000000155722762,BUY,127.55,10,7425,2534
1600000000155722762,BUY,127.55,10,7428,2699
1600000000155810841,BUY,127.55,10,7431,2765
1600000000155810841,BUY,127.55,10,7434,2795
1600000000155905061,BUY,127.55,10,7437,2819
1600000000155905061,BUY,127.55,10,7440,2897
1600000000156067939,BUY,127.55,10,7443,2939
1600000000156067939,BUY,127.55,10,7446,2981
1600000000156234522,BUY,127.55,10,7449,3035
1600000000156234522,BUY,127.55,10,7452,3797
1600000000156333242,BUY,127.55,10,7455,4979
1600000000156333242,BUY,127.55,10,7458,5123
1600000000156397960,BUY,127.55,10,7461,5153
1600000000156397960,BUY,127.55,10,7464,5276
1600000000156509177,BUY,127.55,10,7467,5300
1600000000156509177,BUY,127.55,10,7470,2303
1600000000156659845,BUY,127.55,10,7473,2417
1600000000156659845,BUY,127.55,10,7476,2459
1600000000156853781,BUY,127.55,10,7479,2528
1600000000156853781,BUY,127.55,10,7482,2642
1600000000156992159,BUY,127.55,10,7485,2741
1600000000156992159,BUY,127.55,10,7488,2777
1600000000157050336,BUY,127.55,10,7491,2933
1600000000157050336,BUY,127.55,10,7494,3023
1600000000157222654,BUY,127.55,10,7497,4961
1600000000157222654,BUY,127.55,10,7500,5177
1600000000157383799,BUY,127.55,10,7503,5300
1600000000157383799,BUY,127.55,10,7506,2417
1600000000157576715,BUY,127.55,10,7509,2483
1600000000157576715,BUY,127.55,10,7512,2642
1600000000157640133,BUY,127.55,10,7515,2777
1600000000157640133,BUY,127.55,10,7518,2981
1600000000157778208,BUY,127.55,10,7521,5294
1600000000157778208,BUY,127.55,10,7524,2417
1600000000157893435,BUY,127.55,10,7527,2777
1600000000157893435,BUY,127.55,10,7530,5294
1600000000158087342,BUY,127.55,10,7533,5294
1600000000158087342,BUY,127.56,10,7536,2267
1600000000158154875,BUY,127.56,10,7539,2279
1600000000158154875,BUY,127.56,10,7542,2333
1600000000158306332,BUY,127.56,10,7545,2369
1600000000158306332,BUY,127.56,10,7548,2393
1600000000158463836,BUY,127.56,10,7551,2405
1600000000158463836,BUY,127.56,10,7554,2507
1600000000158655131,BUY,127.56,10,7557,2546
1600000000158655131,BUY,127.56,10,7560,2576
1600000000158829333,BUY,127.56,10,7563,2606
1600000000158829333,BUY,127.56,10,7566,2618
1600000000158889606,BUY,127.56,10,7569,2657
1600000000158889606,BUY,127.56,10,7572,2669
1600000000158973125,BUY,127.56,10,7575,2687
1600000000158973125,BUY,127.56,10,7578,2723
1600000000159150149,BUY,127.56,10,7581,2879
1600000000159150149,BUY,127.56,10,7584,2969
1600000000159324689,BUY,127.56,10,7587,5183
1600000000159324689,BUY,127.56,10,7590,5207
1600000000159516109,BUY,127.56,10,7593,5231
1600000000159516109,BUY,127.56,10,7596,5243
1600000000159649569,BUY,127.56,10,7599,5261
1600000000159649569,BUY,127.56,10,7602,5306
1600000000159804040,BUY,127.56,10,7605,2261
1600000000159804040,BUY,127.56,10,7608,2279
1600000000159958708,BUY,127.56,10,7611,2363
1600000000159958708,BUY,127.56,10,7614,2387
1600000000160076227,BUY,127.56,10,7617,2465
1600000000160076227,BUY,127.56,10,7620,2546
1600000000160216653,BUY,127.56,10,7623,2582
1600000000160216653,BUY,127.56,10,7626,2618
1600000000160281282,BUY,127.56,10,7629,2663
1600000000160281282,BUY,127.56,10,7632,2687
1600000000160380338,BUY,127.56,10,7635,2723
1600000000160380338,BUY,127.56,10,7638,2969
1600000000160441611,BUY,127.56,10,7641,5201
1600000000160441611,BUY,127.56,10,7644,5231
1600000000160612095,BUY,127.56,10,7647,5255
1600000000160612095,BUY,127.56,10,7650,5306
1600000000160759370,BUY,127.56,10,7653,2279
1600000000160759370,BUY,127.56,10,7656,2369
1600000000160948336,BUY,127.56,10,7659,2465
1600000000160948336,BUY,127.56,10,7662,2582
1600000000161044409,BUY,127.56,10,7665,2657
1600000000161044409,BUY,127.56,10,7668,2711
1600000000161140102,BUY,127.56,10,7671,2891
1600000000161140102,BUY,127.56,10,7674,5183
1600000000161214445,BUY,127.56,10,7677,5231
1600000000161214445,BUY,127.56,10,7680,5273
1600000000161307540,BUY,127.56,10,7683,2273
1600000000161307540,BUY,127.56,10,7686,2363
1600000000161479928,BUY,127.56,10,7689,2582
1600000000161479928,BUY,127.56,10,7692,2687
1600000000161644369,BUY,127.56,10,7695,2969
1600000000161644369,BUY,127.56,10,7698,5231
1600000000161795151,BUY,127.56,10,7701,2279
1600000000161795151,BUY,127.56,10,7704,2657
1600000000161917741,BUY,127.56,10,7707,5231
1600000000161917741,BUY,127.56,10,7710,5213
1600000000162076004,BUY,127.57,10,7713,2531
1600000000162076004,BUY,127.57,10,7716,2570
1600000000162155377,BUY,127.57,10,7719,2597
1600000000162155377,BUY,127.57,10,7722,2633
1600000000162232902,BUY,127.57,10,7725,2651
1600000000162232902,BUY,127.57,10,7728,5279
1600000000162410618,BUY,127.57,10,7731,5291
1600000000162410618,BUY,127.57,10,7734,5303
1600000000162565131,BUY,127.57,10,7737,5336
1600000000162565131,BUY,127.57,10,7740,2525
1600000000162744532,BUY,127.57,10,7743,2570
1600000000162744532,BUY,127.57,10,7746,2603
1600000000162891175,BUY,127.57,10,7749,2651
1600000000162891175,BUY,127.57,10,7752,5285
1600000000163090887,BUY,127.57,10,7755,5303
1600000000163090887,BUY,127.57,10,7758,5342
1600000000163238581,BUY,127.57,10,7761,2537
1600000000163238581,BUY,127.57,10,7764,2597
1600000000163324717,BUY,127.57,10,7767,2651
1600000000163324717,BUY,127.57,10,7770,5336
1600000000163431256,BUY,127.57,10,7773,5303
1600000000163431256,BUY,127.57,10,7776,5303
1600000000163549619,BUY,127.57,10,7779,5303
1600000000163549619,BUY,127.58,10,7782,2549
1600000000163681145,BUY,127.58,10,7785,2579
1600000000163681145,BUY,127.58,10,7788,2615
1600000000163766400,BUY,127.58,10,7791,5309
1600000000163766400,BUY,127.58,10,7794,5348
1600000000163934609,BUY,127.58,10,7797,5360
1600000000163934609,BUY,127.58,10,7800,2567
1600000000164071046,BUY,127.58,10,7803,2609
1600000000164071046,BUY,127.58,10,7806,2627
1600000000164268395,BUY,127.58,10,7809,5327
1600000000164268395,BUY,127.58,10,7812,5360
1600000000164451110,BUY,127.58,10,7815,2567
1600000000164451110,BUY,127.58,10,7818,2609
1600000000164617010,BUY,127.58,10,7821,2627
1600000000164617010,BUY,127.58,10,7824,5354
1600000000164690739,BUY,127.58,10,7827,2567
1600000000164690739,BUY,127.58,10,7830,5327
1600000000164762557,BUY,127.58,10,7833,2627
1600000000164762557,BUY,127.59,10,7836,5321
1600000000164878112,BUY,127.59,10,7839,5339
1600000000164878112,BUY,127.59,10,7842,5366
1600000000165027091,BUY,127.59,10,7845,5378
1600000000165027091,BUY,127.59,10,7848,5390
1600000000165130720,BUY,127.59,10,7851,5402
1600000000165130720,BUY,127.59,10,7854,5414
1600000000165296016,BUY,127.59,10,7857,5321
1600000000165296016,BUY,127.59,10,7860,5345
1600000000165401454,BUY,127.59,10,7863,5384
1600000000165401454,BUY,127.59,10,7866,5402
1600000000165460911,BUY,127.59,10,7869,5414
1600000000165460911,BUY,127.59,10,7872,5339
1600000000165544833,BUY,127.59,10,7875,5396
1600000000165544833,BUY,127.59,10,7878,5408
1600000000165735725,BUY,127.59,10,7881,5321
1600000000165735725,BUY,127.59,10,7884,5408
1600000000165893847,BUY,127.59,10,7887,5402
1600000000165893847,BUY,127.6,10,7890,5357
1600000000166045867,BUY,127.6,10,7893,5420
1600000000166045867,BUY,127.6,10,7896,5432
1600000000166184272,BUY,127.6,10,7899,5450
1600000000166184272,BUY,127.6,10,7902,5642
1600000000166350402,BUY,127.6,10,7905,5690
1600000000166350402,BUY,127.6,10,7908,5708
1600000000166468440,BUY,127.6,10,7911,5720
1600000000166468440,BUY,127.6,10,7914,5912
1600000000166580765,BUY,127.6,10,7917,5966
1600000000166580765,BUY,127.6,10,7920,5978
1600000000166656365,BUY,127.6,10,7923,5363
1600000000166656365,BUY,127.6,10,7926,5432
1600000000166767891,BUY,127.6,10,7929,5462
1600000000166767891,BUY,127.6,10,7932,5690
1600000000166831040,BUY,127.6,10,7935,5714
1600000000166831040,BUY,127.6,10,7938,5870
1600000000167026508,BUY,127.6,10,7941,5966
1600000000167026508,BUY,127.6,10,7944,5357
1600000000167188676,BUY,127.6,10,7947,5432
1600000000167188676,BUY,127.6,10,7950,5684
1600000000167348489,BUY,127.6,10,7953,5714
1600000000167348489,BUY,127.6,10,7956,5966
1600000000167490268,BUY,127.6,10,7959,5426
1600000000167490268,BUY,127.6,10,7962,5462
1600000000167674534,BUY,127.6,10,7965,5357
1600000000167674534,BUY,127.6,10,7968,5357
1600000000167756932,BUY,127.61,10,7971,5381
1600000000167756932,BUY,127.61,10,7974,5393
1600000000167811721,BUY,127.61,10,7977,5405
1600000000167811721,BUY,127.61,10,7980,5417
1600000000167926688,BUY,127.61,10,7983,5468
1600000000167926688,BUY,127.61,10,7986,5486
1600000000168075525,BUY,127.61,10,7989,5498
1600000000168075525,BUY,127.61,10,7992,5528
1600000000168227492,BUY,127.61,10,7995,5558
1600000000168227492,BUY,127.61,10,7998,5606
1600000000168408693,BUY,127.61,10,8001,5618
1600000000168408693,BUY,127.61,10,8004,5636
1600000000168518376,BUY,127.61,10,8007,5660
1600000000168518376,BUY,127.61,10,8010,5732
1600000000168613707,BUY,127.61,10,8013,5750
1600000000168613707,BUY,127.61,10,8016,5864
1600000000168698333,BUY,127.61,10,8019,5882
1600000000168698333,BUY,127.61,10,8022,5900
1600000000168760675,BUY,127.61,10,8025,5924
1600000000168760675,BUY,127.61,10,8028,5942
1600000000168847092,BUY,127.61,10,8031,5984
1600000000168847092,BUY,127.61,10,8034,6008
1600000000168949756,BUY,127.61,10,8037,5381
1600000000168949756,BUY,127.61,10,8040,5405
1600000000169008589,BUY,127.61,10,8043,5456
1600000000169008589,BUY,127.61,10,8046,5480
1600000000169119247,BUY,127.61,10,8049,5498
1600000000169119247,BUY,127.61,10,8052,5558
1600000000169301056,BUY,127.61,10,8055,5606
1600000000169301056,BUY,127.61,10,8058,5618
1600000000169446021,BUY,127.61,10,8061,5636
1600000000169446021,BUY,127.61,10,8064,5660
1600000000169560075,BUY,127.61,10,8067,5750
1600000000169560075,BUY,127.61,10,8070,5894
1600000000169611374,BUY,127.61,10,8073,5918
1600000000169611374,BUY,127.61,10,8076,5936
1600000000169727249,BUY,127.61,10,8079,6002
1600000000169727249,BUY,127.61,10,8082,5381
1600000000169891535,BUY,127.61,10,8085,5417
1600000000169891535,BUY,127.61,10,8088,5498
1600000000170040265,BUY,127.61,10,8091,5600
1600000000170040265,BUY,127.61,10,8094,5612
1600000000170146563,BUY,127.61,10,8097,5654
1600000000170146563,BUY,127.61,10,8100,5882
1600000000170317598,BUY,127.61,10,8103,5924
1600000000170317598,BUY,127.61,10,8106,5375
1600000000170477423,BUY,127.61,10,8109,5417
1600000000170477423,BUY,127.61,10,8112,5558
1600000000170643060,BUY,127.61,10,8115,5654
1600000000170643060,BUY,127.61,10,8118,5918
1600000000170765678,BUY,127.61,10,8121,5636
1600000000170765678,BUY,127.61,10,8124,5636
1600000000170841210,BUY,127.61,10,8127,5636
1600000000170841210,BUY,127.62,10,8130,5429
1600000000170999407,BUY,127.62,10,8133,5447
1600000000170999407,BUY,127.62,10,8136,5504
1600000000171180267,BUY,127.62,10,8139,5546
1600000000171180267,BUY,127.62,10,8142,5576
1600000000171290552,BUY,127.62,10,8145,5645
1600000000171290552,BUY,127.62,10,8148,5693
1600000000171359418,BUY,127.62,10,8151,5711
1600000000171359418,BUY,127.62,10,8154,5723
1600000000171548083,BUY,127.62,10,8157,5762
1600000000171548083,BUY,127.62,10,8160,5786
1600000000171607578,BUY,127.62,10,8163,5858
1600000000171607578,BUY,127.62,10,8166,5957
1600000000171665415,BUY,127.62,10,8169,5975
1600000000171665415,BUY,127.62,10,8172,5993
1600000000171865167,BUY,127.62,10,8175,6026
1600000000171865167,BUY,127.62,10,8178,6038
1600000000171945513,BUY,127.62,10,8181,6056
1600000000171945513,BUY,127.62,10,8184,5435
1600000000172104134,BUY,127.62,10,8187,5504
1600000000172104134,BUY,127.62,10,8190,5570
1600000000172177546,BUY,127.62,10,8193,5645
1600000000172177546,BUY,127.62,10,8196,5705
1600000000172346379,BUY,127.62,10,8199,5729
1600000000172346379,BUY,127.62,10,8202,5786
1600000000172461585,BUY,127.62,10,8205,5915
1600000000172461585,BUY,127.62,10,8208,5975
1600000000172522519,BUY,127.62,10,8211,6014
1600000000172522519,BUY,127.62,10,8214,6032
1600000000172603242,BUY,127.62,10,8217,6044
1600000000172603242,BUY,127.62,10,8220,5429
1600000000172781210,BUY,127.62,10,8223,5546
1600000000172781210,BUY,127.62,10,8226,5693
1600000000172981030,BUY,127.62,10,8229,5729
1600000000172981030,BUY,127.62,10,8232,5969
1600000000173153018,BUY,127.62,10,8235,5993
1600000000173153018,BUY,127.62,10,8238,6032
1600000000173351478,BUY,127.62,10,8241,5504
1600000000173351478,BUY,127.62,10,8244,5969
1600000000173438001,BUY,127.62,10,8247,6026
1600000000173438001,BUY,127.62,10,8250,5504
1600000000173589151,BUY,127.62,10,8253,6026
1600000000173589151,BUY,127.62,10,8256,5993
1600000000173760101,BUY,127.63,10,8259,5471
1600000000173760101,BUY,127.63,10,8262,5489
1600000000173851747,BUY,127.63,10,8265,5501
1600000000173851747,BUY,127.63,10,8268,5531
1600000000173954523,BUY,127.63,10,8271,5555
1600000000173954523,BUY,127.63,10,8274,5567
1600000000174023639,BUY,127.63,10,8277,5609
1600000000174023639,BUY,127.63,10,8280,5621
1600000000174186497,BUY,127.63,10,8283,5639
1600000000174186497,BUY,127.63,10,8286,5663
1600000000174313117,BUY,127.63,10,8289,5735
1600000000174313117,BUY,127.63,10,8292,5753
1600000000174445721,BUY,127.63,10,8295,5780
1600000000174445721,BUY,127.63,10,8298,5798
1600000000174590173,BUY,127.63,10,8301,5816
1600000000174590173,BUY,127.63,10,8304,5834
1600000000174774164,BUY,127.63,10,8307,5867
1600000000174774164,BUY,127.63,10,8310,5885
1600000000174847714,BUY,127.63,10,8313,5903
1600000000174847714,BUY,127.63,10,8316,5927
1600000000174967941,BUY,127.63,10,8319,5939
1600000000174967941,BUY,127.63,10,8322,5951
1600000000175041153,BUY,127.63,10,8325,6005
1600000000175041153,BUY,127.63,10,8328,6050
1600000000175131271,BUY,127.63,10,8331,6080
1600000000175131271,BUY,127.63,10,8334,5483
1600000000175209873,BUY,127.63,10,8337,5495
1600000000175209873,BUY,127.63,10,8340,5519
1600000000175277413,BUY,127.63,10,8343,5555
1600000000175277413,BUY,127.63,10,8346,5567
1600000000175398868,BUY,127.63,10,8349,5633
1600000000175398868,BUY,127.63,10,8352,5657
1600000000175471145,BUY,127.63,10,8355,5747
1600000000175471145,BUY,127.63,10,8358,5792
1600000000175640278,BUY,127.63,10,8361,5816
1600000000175640278,BUY,127.63,10,8364,5846
1600000000175839026,BUY,127.63,10,8367,5885
1600000000175839026,BUY,127.63,10,8370,5921
1600000000175898778,BUY,127.63,10,8373,5933
1600000000175898778,BUY,127.63,10,8376,5945
1600000000176074110,BUY,127.63,10,8379,5999
1600000000176074110,BUY,127.63,10,8382,6023
1600000000176142412,BUY,127.63,10,8385,6080
1600000000176142412,BUY,127.63,10,8388,5495
1600000000176258648,BUY,127.63,10,8391,5543
1600000000176258648,BUY,127.63,10,8394,5561
1600000000176373115,BUY,127.63,10,8397,5633
1600000000176373115,BUY,127.63,10,8400,5735
1600000000176525465,BUY,127.63,10,8403,5834
1600000000176525465,BUY,127.63,10,8406,5903
1600000000176578513,BUY,127.63,10,8409,5933
1600000000176578513,BUY,127.63,10,8412,5999
1600000000176687419,BUY,127.63,10,8415,5489
1600000000176687419,BUY,127.63,10,8418,5555
1600000000176814056,BUY,127.63,10,8421,5657
1600000000176814056,BUY,127.63,10,8424,5834
1600000000176893834,BUY,127.63,10,8427,5927
1600000000176893834,BUY,127.63,10,8430,5489
1600000000177064752,BUY,127.63,10,8433,5657
1600000000177064752,BUY,127.63,10,8436,5834
1600000000177204788,BUY,127.63,10,8439,5489
1600000000177204788,BUY,127.63,10,8442,6080
1600000000177398534,BUY,127.63,10,8445,6080
1600000000177398534,BUY,127.64,10,8448,5525
1600000000177460491,BUY,127.64,10,8451,5549
1600000000177460491,BUY,127.64,10,8454,5579
1600000000177583135,BUY,127.64,10,8457,5765
1600000000177583135,BUY,127.64,10,8460,5789
1600000000177746429,BUY,127.64,10,8463,5861
1600000000177746429,BUY,127.64,10,8466,6029
1600000000177814258,BUY,127.64,10,8469,6047
1600000000177814258,BUY,127.64,10,8472,6086
1600000000177870095,BUY,127.64,10,8475,6104
1600000000177870095,BUY,127.64,10,8478,6122
1600000000178066199,BUY,127.64,10,8481,6134
1600000000178066199,BUY,127.64,10,8484,5525
1600000000178215969,BUY,127.64,10,8487,5573
1600000000178215969,BUY,127.64,10,8490,5765
1600000000178292321,BUY,127.64,10,8493,5855
1600000000178292321,BUY,127.64,10,8496,6029
1600000000178372536,BUY,127.64,10,8499,6047
1600000000178372536,BUY,127.64,10,8502,6086
1600000000178463783,BUY,127.64,10,8505,6116
1600000000178463783,BUY,127.64,10,8508,6128
1600000000178643475,BUY,127.64,10,8511,5525
1600000000178643475,BUY,127.64,10,8514,5765
1600000000178760189,BUY,127.64,10,8517,6041
1600000000178760189,BUY,127.64,10,8520,6104
1600000000178845508,BUY,127.64,10,8523,6122
1600000000178845508,BUY,127.64,10,8526,5525
1600000000179014566,BUY,127.64,10,8529,6041
1600000000179014566,BUY,127.64,10,8532,6116
1600000000179080591,BUY,127.64,10,8535,6029
1600000000179080591,BUY,127.64,10,8538,6029
1600000000179140371,BUY,127.65,10,8541,5795
1600000000179140371,BUY,127.65,10,8544,5807
1600000000179213077,BUY,127.65,10,8547,5825
1600000000179213077,BUY,127.65,10,8550,5843
1600000000179338580,BUY,127.65,10,8553,6053
1600000000179338580,BUY,127.65,10,8556,6071
1600000000179491746,BUY,127.65,10,8559,6140
1600000000179491746,BUY,127.65,10,8562,6152
1600000000179550925,BUY,127.65,10,8565,6176
1600000000179550925,BUY,127.65,10,8568,6194
1600000000179749584,BUY,127.65,10,8571,6206
1600000000179749584,BUY,127.65,10,8574,6230
1600000000179899007,BUY,127.65,10,8577,6248
1600000000179899007,BUY,127.65,10,8580,6410
1600000000180072083,BUY,127.65,10,8583,6440
1600000000180072083,BUY,127.65,10,8586,6458
1600000000180257130,BUY,127.65,10,8589,6470
1600000000180257130,BUY,127.65,10,8592,6494
1600000000180382268,BUY,127.65,10,8595,5795
1600000000180382268,BUY,127.65,10,8598,5819
1600000000180518974,BUY,127.65,10,8601,5837
1600000000180518974,BUY,127.65,10,8604,6053
1600000000180685879,BUY,127.65,10,8607,6083
1600000000180685879,BUY,127.65,10,8610,6146
1600000000180764709,BUY,127.65,10,8613,6176
1600000000180764709,BUY,127.65,10,8616,6200
1600000000180924785,BUY,127.65,10,8619,6218
1600000000180924785,BUY,127.65,10,8622,6248
1600000000181005394,BUY,127.65,10,8625,6410
1600000000181005394,BUY,127.65,10,8628,6440
1600000000181072795,BUY,127.65,10,8631,6464
1600000000181072795,BUY,127.65,10,8634,6488
1600000000181226275,BUY,127.65,10,8637,5783
1600000000181226275,BUY,127.65,10,8640,5807
1600000000181394553,BUY,127.65,10,8643,5837
1600000000181394553,BUY,127.65,10,8646,6071
1600000000181501944,BUY,127.65,10,8649,6176
1600000000181501944,BUY,127.65,10,8652,6242
1600000000181678487,BUY,127.65,10,8655,6422
1600000000181678487,BUY,127.65,10,8658,6470
1600000000181857373,BUY,127.65,10,8661,5807
1600000000181857373,BUY,127.65,10,8664,6053
1600000000182001956,BUY,127.65,10,8667,6176
1600000000182001956,BUY,127.65,10,8670,6422
1600000000182189675,BUY,127.65,10,8673,5807
1600000000182189675,BUY,127.65,10,8676,6176
1600000000182245690,BUY,127.65,10,8679,6164
1600000000182245690,BUY,127.66,10,8682,6089
1600000000182317196,BUY,127.66,10,8685,6101
1600000000182317196,BUY,127.66,10,8688,6113
1600000000182391263,BUY,127.66,10,8691,6131
1600000000182391263,BUY,127.66,10,8694,6227
1600000000182572082,BUY,127.66,10,8697,6260
1600000000182572082,BUY,127.66,10,8700,6278
1600000000182624138,BUY,127.66,10,8703,6290
1600000000182624138,BUY,127.66,10,8706,6338
1600000000182703466,BUY,127.66,10,8709,6386
1600000000182703466,BUY,127.66,10,8712,6434
1600000000182831178,BUY,127.66,10,8715,6476
1600000000182831178,BUY,127.66,10,8718,6506
1600000000182934010,BUY,127.66,10,8721,6542
1600000000182934010,BUY,127.66,10,8724,6608
1600000000183026781,BUY,127.66,10,8727,6095
1600000000183026781,BUY,127.66,10,8730,6113
1600000000183174202,BUY,127.66,10,8733,6131
1600000000183174202,BUY,127.66,10,8736,6254
1600000000183288740,BUY,127.66,10,8739,6278
1600000000183288740,BUY,127.66,10,8742,6332
1600000000183378891,BUY,127.66,10,8745,6380
1600000000183378891,BUY,127.66,10,8748,6434
1600000000183561592,BUY,127.66,10,8751,6500
1600000000183561592,BUY,127.66,10,8754,6584
1600000000183695055,BUY,127.66,10,8757,6089
1600000000183695055,BUY,127.66,10,8760,6113
1600000000183841908,BUY,127.66,10,8763,6227
1600000000183841908,BUY,127.66,10,8766,6290
1600000000183981340,BUY,127.66,10,8769,6428
1600000000183981340,BUY,127.66,10,8772,6476
1600000000184059495,BUY,127.66,10,8775,6584
1600000000184059495,BUY,127.66,10,8778,6107
1600000000184258855,BUY,127.66,10,8781,6227
1600000000184258855,BUY,127.66,10,8784,6380
1600000000184359443,BUY,127.66,10,8787,6434
1600000000184359443,BUY,127.66,10,8790,6089
1600000000184420694,BUY,127.66,10,8793,6290
1600000000184420694,BUY,127.66,10,8796,6089
1600000000184573114,BUY,127.67,10,8799,6149
1600000000184573114,BUY,127.67,10,8802,6167
1600000000184632737,BUY,127.67,10,8805,6185
1600000000184632737,BUY,127.67,10,8808,6197
1600000000184737452,BUY,127.67,10,8811,6209
1600000000184737452,BUY,127.67,10,8814,6221
1600000000184793575,BUY,127.67,10,8817,6239
1600000000184793575,BUY,127.67,10,8820,6251
1600000000184846636,BUY,127.67,10,8823,6314
1600000000184846636,BUY,127.67,10,8826,6344
1600000000185003029,BUY,127.67,10,8829,6374
1600000000185003029,BUY,127.67,10,8832,6413
1600000000185155064,BUY,127.67,10,8835,6443
1600000000185155064,BUY,127.67,10,8838,6461
1600000000185244159,BUY,127.67,10,8841,6473
1600000000185244159,BUY,127.67,10,8844,6491
1600000000185376056,BUY,127.67,10,8847,6524
1600000000185376056,BUY,127.67,10,8850,6536
1600000000185507499,BUY,127.67,10,8853,6560
1600000000185507499,BUY,127.67,10,8856,6572
